2909 4884
412 359 525 424 152

408 612 624 657 ⁴MERC-

415 1511 621 1555 CHOR·

426 2308 634 2352 Meae.

437 3212 646 3257 Paean

940 319 1611 440 PROMEJFH'.
1705 315 2312 393 VINCTUS.

748 490 1034 554 Omnino
1062 502 1275 550 tamen
1309 508 1411 550 me
1444 508 1569 548 non
1603 485 1948 572 extinguet.

759 589 954 653 Tales
979 589 1275 651 nimirum
1302 584 1810 672 phreneticorum

751 686 1177 774 Cogitationes
1202 697 1262 747 et
1287 706 1468 746 voces
1493 684 1632 746 licet
1656 683 1888 746 audire.

754 787 926 871 Quid
955 786 1129 850 enim
1156 785 1333 848 abest
1354 805 1386 846 a
1412 783 1637 847 delirio
1656 785 1689 845 'c’

749 887 943 971 Quod
968 887 1017 950 si
1046 884 1194 948 felix
1225 897 1402 956 esset,
1437 881 1596 967 quid
1627 882 1706 946 de
1737 880 1974 945 insania
2007 873 2388 942 remitteret?

763 989 893 1052 Vos
923 1009 1070 1050 vero
1102 1007 1242 1069 que
1277 984 1580 1047 aerumnis

758 1087 975 1173 Hujus
998 1083 1451 1170 compatimini,
1504 1081 1654 1143 locis

760 1188 858 1253 Ex
894 1187 988 1251 his
1020 1186 1301 1250 celeriter
1324 1182 1542 1266 aliquo
1564 1179 1894 1250 discedite:

756 1289 863 1354 Ne
886 1288 1129 1352 animos
1153 1300 1385 1350 vestros
1409 1283 1698 1347 attonitos
1726 1279 1940 1342 reddat

754 1388 1048 1477 Mugitus
1080 1386 1311 1451 tonitru
1348 1381 1658 1447 horridus.

756 1486 965 1551 Aliud
988 1485 1149 1571 quid
1175 1481 1443 1568 loquaris
1469 1491 1532 1544 et
1553 1478 1808 1543 suadeas

760 1587 933 1652 Mihi
960 1585 1128 1672 quod
1157 1597 1219 1648 et
1246 1580 1680 1670 persuadebis:
1721 1601 1868 1641 nam

762 1687 831 1751 H
843 1703 960 1751 unc
986 1705 1341 1750 sermonem
1373 1679 1682 1744 adduxisti
1709 1700 1833 1741 non
1863 1674 2228 1749 ferendum;

761 1786 1099 1870 Quomodo
1116 1784 1300 1871 jubes
1322 1802 1422 1844 me
1447 1780 1774 1843 inhonesta
1800 1774 1972 1861 seq-‚i
1989 1777 2021 1836 't'

762 1888 928 1949 Cum
961 1884 1079 1949 hoc
1101 1884 1246 1946 volo
1271 1880 1534 1967 perpeti,
1569 1877 1878 1962 quicquid
1903 1883 2216 1961 oporteat3

765 1983 978 2049 Didici
1002 1984 1174 2048 enim
1197 1983 1396 2045 odisse
1422 1979 1782 2043 desertores.

767 2085 911 2149 Nec
942 2086 1123 2149 datur
1151 2083 1381 2149 vitium

761 2185 956 2270 Quod
990 2184 1183 2271 magis
1206 2205 1394 2269 quam
1422 2180 1539 2243 hoc
1564 2179 1888 2264 despuam.

772 2288 895 2351 Sed
933 2285 1346 2351 memineritis
1377 2306 1519 2370 quse
1553 2302 1670 2366 ego
1697 2295 2090 2365 praenloneo;

767 2385 1003 2471 Neque
1027 2382 1253 2447 amalo
1278 2381 1703 2466 deprehensae,

770 2485 1072 2549 incusetis
1105 2484 1442 2555 fortunam,
1473 2501 1678 2563 neque
1704 2475 1919 2540 dicatis
1941 2491 2226 2557 unquam

765 2585 997 2648 Jove-m
1018 2607 1128 2647 vos
1152 2586 1215 2646 in
1244 2581 1657 2665 improvisum

765 2685 1194 2749 Infortunium
1225 2680 1591 2764 conjecisse5
1643 2697 1793 2748 non,
1830 2673 2111 2758 inquam,
2150 2669 2258 2733 sed
2289 2687 2398 2730 vos

771 2775 1070 2851 Vosmet:
1121 2784 1381 2848 scientes
1413 2779 1588 2842 enim

771 2888 1009 2971 Neque
1033 2908 1109 2947 ex
1142 2881 1504 2966 improvise,
1540 2898 1747 2960 neque
1780 2874 1943 2938 clam

770 2987 848 3051 In
885 2980 1381 3050 inextricabilem
1416 2979 1711 3062 laqueum
1743 2969 2103 3036 calamitatis

774 3085 1191 3174 Incogitantia
1225 3075 1660 3145 involvemini.

781 3188 990 3273 Atqui
1024 3185 1185 3248 sacto
1211 3195 1272 3244 et
1297 3201 1423 3242 non
1448 3175 1714 3263 amplius
1738 3170 1934 3235 verbo

774 3285 974 3351 Terra
1006 3302 1300 3347 concussa
1331 3289 1461 3342 est:

775 3387 859 3453 Et
891 3386 1105 3450 reboat
1134 3382 1404 3445 fremens
1435 3397 1623 3440 sonus

774 3487 1072 3559 Tonitru‚
1121 3477 1601 3568 glomerationes
1623 3494 1769 3535 vero
1792 3468 2066 3534 emicant

775 3584 1236 3651 coruscationis
1268 3581 1491 3667 igneae,
1536 3573 1821 3639 turbines
1854 3582 2062 3633 autem
2093 3562 2424 3653 pulverem

777 3685 1310 3772 circumagitann
1347 3691 1409 3743 et
1438 3674 1736 3740 exsiliunt
1766 3682 2106 3733 ventorum

774 3788 1086 3853 Omnium
1118 3783 1323 3854 ssatuS,
1371 3779 1433 3841 in
1468 3797 1530 3839 se
1564 3787 1784 3837 mutuo
1976 3765 1986 3776 “

778 3882 1542 3969 Ex-adx'erso-spirantem
1571 3871 1946 3939 discordiam
1968 3874 2359 3931 exercentes:

776 3991 1004 4057 AEther
1032 4001 1180 4050 vero
1204 3983 1358 4047 mari
1385 3992 1474 4043 est
1498 3975 1818 4040 confusus.

778 4092 963 4157 Talis
992 4091 1261 4175 impetus
1291 4084 1352 4146 in
1385 4101 1488 4144 me
1519 4075 1765 4141 coelitus

776 4193 1118 4258 Terrorem
1141 4184 1451 4252 incutiens
1474 4189 1685 4265 aperte
1707 4169 1897 4235 venit.

774 4296 840 4358 O
873 4304 1070 4355 mater
1092 4310 1232 4353 mea
1255 4277 1632 4352 veneranda,
1656 4294 1697 4337 o
1718 4268 2012 4335 omnium

779 4393 1212 4457 Communem
1240 4383 1447 4446 lucem
1478 4367 1976 4440 circumvolvens
2003 4361 2217 4436 aether,

777 4490 1006 4561 Cernis
1036 4510 1225 4574 quarn
1255 4483 1486 4569 injusta
1510 4473 1726 4564 patiar.

2647 789 2791 855 1C55

2658 1267 2800 1332 1062

2664 1767 2801 1847 1065

2667 2280 2807 2348 1070

2667 2775 2804 2840 1075

2678 3255 2808 3322 1080

2673 3750 2808 3830 1085
