2909 4884
736 1255 1860 1363 LECTURIS.

213 1838 614 1954 PRIMUM
666 1876 903 1978 operis
952 1878 1173 1953 nostri
1232 1882 1598 1972 volumen,
1673 1881 1760 1954 L.
1803 1881 1892 1956 Β.
1980 1882 2233 1982 reliqui
2291 1883 2507 1958 etiam

129 1994 285 2067 tomi
376 2022 509 2068 suo
599 2020 773 2068 mox
859 1997 1107 2070 ordine
1193 1996 1602 2095 excipient3
1689 1997 2174 2096 praefationem
2266 2011 2508 2072 autem

127 2107 531 2204 pleniorem,
612 2134 778 2206 quae
846 2107 1203 2185 Notitiam
1268 2110 1712 2201 Literariam,
1793 2112 2279 2185 recensionem
2348 2125 2508 2186 tum

128 2222 468 2299 Codicum
575 2240 734 2301 tum
820 2226 1223 2301 editionum
1314 2227 1652 2328 AEschyli
1739 2229 2017 2326 aliaque
2113 2230 2185 2302 id
2286 2254 2511 2329 genus

128 2346 536 2436 continebit,
616 2349 705 2421 ad
774 2349 995 2422 finem
1064 2348 1399 2423 editionis
1467 2362 1750 2439 nostrae,
1830 2351 2023 2423 unde
2099 2351 2245 2425 huc
2311 2352 2515 2424 facile

128 2467 568 2541 transferetur
616 2494 659 2540 a
711 2467 1153 2567 bibliopegis,
1206 2467 1596 2542 necessario
1645 2493 2103 2543 reservamus.
2235 2468 2515 2543 Interea

131 2583 206 2654 ad
277 2584 594 2684 singulas
660 2584 1040 2686 tragoedias
1105 2584 1698 2684 compendiorum
1766 2584 2316 2683 explicationem
2388 2586 2513 2659 ad-

122 2692 437 2791 jecimus,
489 2726 655 2798 quae
688 2701 998 2774 subsidia
1032 2698 1246 2799 hujus
1276 2701 1507 2800 operis
1541 2702 1705 2774 satis
1738 2702 2107 2776 indicabit.
2193 2699 2516 2774 Nomina

132 2816 311 2890 enim
379 2817 697 2892 virorum
757 2819 1141 2893 illustrium
1201 2819 1301 2893 ibi
1376 2820 1662 2911 omissa,
1736 2819 2098 2921 Scaligeri,
2175 2819 2513 2909 Bentleii,

134 2931 336 3008 lenaei
407 2935 842 3029 Casauboni‚
946 2949 1306 3012 contracta
1386 2937 1465 3011 in
1535 2937 1792 3038 Scalig.
1882 2937 2124 3011 Bentl.
2209 2937 2512 3010 Casaub.

132 3058 479 3133 neminem
537 3060 795 3133 morari
864 3073 1184 3159 possunt.
1316 3061 1781 3135 Monendum
1849 3073 1957 3134 est
2025 3072 2269 3134 tamen
2339 3059 2538 3132 illud'

132 3166 349 3248 Pears.
423 3175 621 3271 quod
672 3200 862 3276 saepe
912 3176 1244 3268 occurrit,
1328 3178 1673 3251 loannem
1738 3176 2174 3251 Pearsonum
2245 3187 2515 3266 notare,

134 3286 285 3361 olim
372 3288 829 3365 Cesti-ensem
929 3292 1375 3393 episcopum,
1461 3294 1587 3391 qui
1681 3295 1771 3368 ad
1855 3293 2251 3395 marginem
2341 3292 2513 3365 edit.

138 3400 226 3475 Η.
261 3404 516 3505 steph.
569 3433 714 3505 qua
774 3408 969 3509 prius
1014 3435 1183 3482 usus
1236 3422 1419 3483 esset
1459 3410 1553 3483 ls.
1588 3409 2078 3498 CasaubonuS,
2137 3420 2219 3483 ut
2260 3434 2516 3481 manus

135 3518 267 3617 ejus
314 3526 604 3599 abunde
667 3537 992 3616 testatur,
1072 3528 1417 3624 quasdam
1492 3526 1854 3600 Lectionis
1925 3525 2320 3599 Varietates
2390 3525 2516 3597 ad-

138 3642 438 3716 notavit:
509 3656 586 3717 et
639 3643 891 3718 loann.
943 3644 1242 3734 Miiller,
1302 3642 1507 3742 cujus
1559 3643 1774 3718 Notae
1834 3645 1910 3717 in
1977 3643 2521 3718 Commentario

139 3756 571 3866 Philologico
623 3769 987 3867 leguntur,
1049 3768 1281 3841 virum
1327 3766 1698 3869 designare
1753 3760 1961 3868 longe
1993 3766 2515 3855 doctissimum,

136 3888 575 3987 eundemque
620 3915 863 3962 rerum
917 3888 1455 3963 Helveticarum
1510 3890 1921 3990 scriptorem
1992 3888 2515 3989 gravissimum,

146 3994 466 4076 loannem
518 4002 955 4092 Mulierum,
1033 4002 1503 4077 Bibliothecae
1566 4005 1905 4078 Caesareae
1969 4000 2515 4077 Vindobonensi

142 4119 607 4218 puaepositum,
641 4119 981 4195 Tacitum
1021 4120 1481 4213 hodiernum,
1519 4122 1644 4221 qui
1674 4148 1962 4197 mecum
1996 4120 2515 4197 observationes

144 4252 277 4305 snas
309 4237 846 4313 communicare
880 4236 1077 4312 haud
1108 4237 1536 4339 dedignatus
1570 4250 1703 4313 est.

228 4455 468 4532 Habes
504 4472 777 4551 autem,
836 4463 923 4536 L.
958 4463 1042 4537 Β.
1090 4462 1401 4537 Thomae
1438 4465 1735 4539 Stanleii
1772 4462 2369 4567 commentarium
2417 4484 2514 4532 ex

148 4570 336 4669 ipsius
368 4580 856 4682 autogmphi8‚
891 4583 1283 4657 editionem
1315 4585 1605 4657 alteram
1644 4583 2074 4667 adornantis,
2119 4581 2278 4678 plus
2312 4602 2515 4672 aequa
