2909 4884
409 337 561 393 exe
701 334 710 348 ·
981 315 1105 386 IN
1165 318 1805 396 :BROMETJrL
1870 320 2263 394 v·1NcT.

435 480 670 548 callide
713 480 799 544 ab
847 477 1114 564 iis‚quae
1169 491 1308 542 tum
1350 475 1973 546 circumferebantur
2002 477 2087 546 de
2118 476 2281 544 Ione
2307 489 2378 542 et
2411 476 2827 545 Prometheo

432 568 688 646 tabulis,
734 566 1044 652 quicquid
1095 562 1436 630 ridiculum
1490 580 1679 642 esset,
1724 565 2035 651 quicquid
2085 587 2125 630 a
2154 563 2460 631 cothurni
2494 567 2824 664 gravitate

433 656 850 741 discreparet,
910 651 1340 738 separaverit3
1427 649 1562 716 sive
1634 652 1719 716 ad
1775 653 2180 720 ornationem
2245 652 2527 716 universa
2584 655 2830 740 operis,

430 759 503 806 et
552 741 830 829 partium
883 737 1279 825 singularum
1322 758 1477 802 cum
1518 750 1659 803 toto
1686 753 2081 804 concentum
2110 737 2619 818 exmnimveris‚
2664 740 2829 804 nihil

431 828 567 893 fere
641 827 891 913 uspiam
965 846 1457 912 supervacuum,
1530 824 1693 889 nihil
1747 846 2078 902 mancum,
2148 823 2309 888 nihil
2366 823 2672 912 denique
2734 827 2827 890 in-

431 914 742 979 choatum
786 934 853 977 re
903 912 1160 989 edetur,
1207 910 1563 996 quod.non
1606 911 1781 976 idem
1825 911 1911 976 sit
1951 910 2357 976 laudabiliter
2398 912 2827 997 perfectum3

403 1022 555 1070 ,nec
611 998 817 1064 solum
893 997 997 1062 oci
1050 1020 1128 1063 ac
1191 997 1523 1083 temporis,
1585 998 1653 1061 in
1714 1019 1847 1084 quo
1909 998 2205 1083 quaedam
2272 997 2489 1084 poetis
2550 998 2827 1063 licentia

409 1103 607 1156 ,recte
659 1084 1063 1162 conceditur,
1122 1083 1239 1148 sed
1282 1083 1505 1161 etiam,
1549 1085 1725 1168 quod
1774 1084 1983 1169 majus
2035 1100 2155 1162 est,
2195 1084 2502 1161 actionis,
2564 1085 2647 1150 in
2700 1108 2825 1172 qua

428 1171 594 1238 nihil
675 1171 929 1259 placere
1009 1184 1247 1258 potest,
1316 1170 1495 1255 quod
1568 1170 1653 1235 sit
1728 1170 2179 1258 interruptum,
2251 1184 2366 1235 aut
2422 1169 2607 1235 male
2670 1195 2827 1237 con-

428 1258 841 1337 sarcinatum,
885 1255 1281 1322 admirabilis
1310 1257 1597 1324 cernitur
1623 1256 1839 1328 unitas
1866 1273 2064 1344 atque
2092 1255 2499 1344 simplicitas.
2597 1258 2826 1330 Quid?

430 1345 606 1431 quod
655 1345 722 1409 in
777 1342 956 1409 omni
1007 1341 1400 1421 elocutione,
1445 1343 1604 1428 quid
1651 1343 1803 1430 styli
1846 1344 2079 1431 tragici
2108 1344 2327 1422 decor,
2369 1342 2537 1428 quid
2572 1345 2824 1432 dialogi

430 1432 683 1509 veritas,
754 1430 912 1517 quid
972 1428 1507 1496 interlocutorum
1568 1444 1783 1516 partes
1839 1430 2261 1518 postularent,
2332 1429 2825 1515 sapientissime

407 1517 774 1604 ..AEschylua
828 1515 1168 1581 intellexit.
1286 1514 1386 1580 Ea
1427 1531 1606 1581 certe
1656 1532 1757 1582 est
1800 1516 1869 1582 in
1915 1516 2219 1582 tenuibus
2264 1514 2693 1601 simplicitas,
2762 1520 2822 1583 in

426 1608 682 1691 maguis
705 1602 1064 1669 sublimitas
1091 1601 1418 1682 dictionis,
1447 1617 1525 1668 ut
1544 1603 1876 1689 utriusque
1899 1603 2231 1680 varietate,
2257 1623 2337 1666 ac
2360 1602 2824 1670 vicissitudine

426 1690 808 1756 mirabiliter
873 1688 1230 1754 delectetur
1293 1687 1521 1767 lector,
1594 1690 1705 1775 qui
1767 1690 2034 1775 quidem
2096 1689 2162 1752 in
2222 1687 2320 1752 bis
2376 1689 2585 1754 rebus
2648 1707 2824 1757 recte

427 1777 676 1864 sapiat:
751 1798 874 1840 nec
933 1796 1242 1860 unquam,
1304 1792 1420 1840 aut
1477 1774 1652 1840 illam
1709 1775 1779 1842 in
1835 1775 2263 1854 sterilitatem,
2332 1791 2449 1839 aut
2510 1775 2705 1848 hanc
2760 1780 2822 1843 in

425 1864 731 1928 vitiosum
766 1877 1086 1928 tumorem
1119 1860 1350 1926 abiisse
1378 1861 1846 1949 deprehendat.

449 2008 460 2018 .
510 1949 713 2022 Quod
789 1971 942 2014 vero
1020 1946 1365 2033 AEschylus
1441 1950 1563 2016 sub
1636 1949 1824 2018 Jovis
1891 1947 2183 2026 nomine,
2250 1969 2448 2033 quem
2516 1948 2821 2018 Deorum

401 2034 896 2122 ,hominumque
923 2055 1146 2121 regem
1175 2035 1597 2108 venerabatur
1629 2037 1923 2123 populna,
1968 2051 2388 2120 tyrannorum
2419 2034 2823 2121 injustitiam

424 2137 495 2188 et
536 2122 986 2188 crudelitatem
1030 2119 1394 2207 castigavit,
1441 2121 1509 2188 id
1539 2144 1713 2200 sane,
1756 2122 1809 2190 ei
1841 2142 1945 2186 rea
1964 2123 2048 2190 ud
2085 2143 2299 2188 veram
2328 2123 2546 2188 aetatis
2576 2140 2823 2191 noem

427 2209 512 2274 de
548 2207 677 2274 Dei
720 2208 985 2274 numine
1022 2205 1525 2294 philosophandi
1562 2211 1877 2280 rationem
1914 2207 2247 2294 exigenda
2270 2221 2463 2287 esset,
2512 2210 2822 2299 impium,

398 2310 496 2360 -et
557 2294 960 2374 sceleratum,
1127 2292 1386 2379 pulique
1445 2296 1738 2366 moribus
1797 2294 2231 2383 perniciosum
2305 2292 2591 2362 fuisset:
2674 2321 2819 2365 cum

407 2394 645 2448 :autem
673 2381 838 2450 ‚istis
880 2381 964 2447 de
1060 2401 1196 2448 ove,
1232 2381 1654 2467 opinionibus
1699 2397 1837 2448 tota
1888 2380 2275 2448 Graecorum
2319 2382 2513 2448 natio
2562 2384 2819 2452 dudum

422 2467 680 2534 imbuta
727 2484 918 2548 esset,
981 2488 1114 2532 non
1168 2466 1375 2553 magis
1431 2468 1503 2534 in
1556 2484 1751 2555 poeta
1806 2480 2053 2547 nosti-0,
2165 2487 2312 2532 uam
2372 2467 2447 2534 in
2512 2469 2819 2537 Homero

403 2554 808 2640 »reprehendi
868 2556 1086 2631 debet,
1157 2574 1309 2616 eum
1367 2553 1679 2632 humana·
1709 2555 1923 2642 potius
1982 2553 2067 2619 ad
2276 2575 2328 2630 s,
2392 2575 2619 2638 quam
2678 2581 2819 2646 quoe

405 2661 572 2714 ,·v.ere
601 2641 826 2710 divina
850 2655 1083 2720 essent,
1126 2639 1212 2705 ad
1243 2638 1545 2708 homines
1574 2640 1993 2708 transtulisse.
2104 2641 2439 2706 Scnurz.
