2909 4884
399 331 517 398 144

389 788 476 834 10.

384 1191 598 1234 PRoM.

380 1395 462 1438 PR
476 1387 601 1439 OM.

380 1496 476 1539 10.

378 1565 592 1641 PRoM.

379 1698 469 1740 10.

376 1795 593 1839 PRoM.

376 1895 474 1937 10.

376 1994 588 2035 PRcM.

376 2097 466 2140 10.

370 2196 587 2240 PROM.

372 2300 460 2342 10.

368 2398 584 2440 PROM.

366 2500 455 2543 10.

364 2598 572 2643 PROM.

364 2673 456 2744 1'0.

363 2798 569 2843 PROM.

365 2902 435 2945 10

363 2996 570 3040 PROM.

364 3100 453 3142 10.

359 3196 572 3239 PROM.

360 3394 570 3439 (HOR-

350 3773 563 3838 ninom.

916 307 1603 378 PRO'METH.
1695 308 2309 387 VINCTUS.

737 463 889 529 Hoc
921 466 1097 529 enim
1120 465 1310 531 fuerit
1339 465 1654 532 malorum
1685 467 2007 535 liberatio:

732 562 933 629 Nunc
963 588 1110 629 vero
1142 567 1354 631 nullus
1384 578 1477 631 est
1505 568 1650 633 finis
1681 569 1838 635 mihi
1871 574 2226 660 propositus

734 663 1074 742 Laborurn,
1124 679 1465 751 antequam
1494 665 1745 754 :Jupiter
1778 693 1973 758 regno
2001 674 2272 739 excidat.

728 764 1052 851 Nunquid
1085 766 1428 853 aliquando
1459 769 1577 832 erit
1608 782 1679 834 ut
1707 770 1962 857 Jupiter
1989 796 2027 838 e
2058 776 2416 865 principatu

900 867 1144 930 excidat
1166 868 1201 930 Ξ)
1926 950 1940 962 -

725 968 1116 1043 Gauderem,
1155 979 1330 1055 pute,
1365 968 1546 1033 istam
1577 972 1932 1054 conspicata
1963 972 2248 1052 cladem;

725 1070 986 1156 Quippe
1021 1069 1110 1144 ni,
1159 1092 1301 1133 cum
1333 1091 1367 1132 a
1398 1069 1558 1134 Jove
1590 1070 1769 1135 malis
1803 1071 2081 1138 afficiar?

725 1170 891 1237 Haec
926 1171 1119 1258 igitur
1148 1169 1229 1233 ita
1260 1193 1391 1234 esse
1424 1192 1801 1258 cognoscere
1834 1185 2033 1256 potes.

717 1273 781 1336 A
817 1295 945 1357 quo
975 1269 1347 1357 spoliabitur
1376 1285 1618 1357 sceptro
1654 1271 1826 1358 regio
1852 1273 1884 1334 Ξ)

716 1373 859 1460 Ipse
892 1397 926 1437 a
957 1372 1086 1437 suis
1112 1371 1666 1458 judicii-inanibus
1699 1371 1990 1435 consiliis,

719 1473 1061 1557 Quomodo
1092 1471 1318 1545 indica,
1370 1471 1485 1534 nisi
1518 1470 1672 1557 quid
1707 1470 1870 1533 inest
1899 1470 2309 1536 incommodi.

709 1573 871 1636 Tale
896 1574 1122 1660 junget
1151 1570 1545 1658 conjugium,
1592 1571 1773 1656 cujus
1807 1571 1962 1635 olim
1995 1571 2347 1659 poenitebit,

719 1672 1135 1743 Divinumne,
1186 1691 1263 1732 an
1301 1669 1650 1733 humanum
1678 1672 1709 1732 Ρ
1758 1670 1944 1746 dicas,
1993 1671 2041 1737 si
2069 1672 2156 1736 sas
2188 1672 2419 1739 dicere.

713 1769 888 1854 Quid
921 1769 1111 1854 quale
1142 1769 1304 1833 illud
1335 1770 1409 1834 sit
1451 1770 1673 1858 quaeris
1695 1765 1731 1831 ἓ
1778 1793 1904 1834 non
1938 1771 2088 1836 licet·
2111 1772 2359 1841 efferre.

722 1869 1035 1954 Nunquid
1070 1891 1181 1954 per
1212 1892 1472 1932 uxorem
1509 1893 1700 1956 regno
1731 1870 2220 1938 deturbabitur?

713 1969 881 2053 Quae
912 1969 1146 2032 scilicet
1178 1970 1372 2054 pariet
1405 1970 1604 2033 filium
1638 1985 1808 2056 patre
1843 1975 2358 2058 praestantiorem.

710 2071 823 2135 An
854 2071 945 2133 illi
979 2070 1151 2133 nulla
1186 2081 1277 2132 est
1310 2069 1491 2154 hujus
1521 2070 1890 2134 calamitatis
1925 2074 2160 2138 aversio
2182 2075 2217 2137 P

714 2171 871 2235 Non
904 2193 1073 2245 sane,
1110 2170 1479 2254 priusquam
1505 2192 1621 2255 ego
1652 2193 1728 2232 cx
1762 2172 2025 2235 vinculis
2047 2172 2285 2238 solutus
2315 2173 2518 2238 fuero,

709 2272 869 2356 Quis
901 2291 1049 2358 ergo
1084 2283 1173 2334 est
1202 2284 1263 2333 te
1296 2271 1615 2334 soluturus
1645 2269 1838 2332 invito
1868 2269 2029 2335 Jove
2057 2274 2092 2335 ἶ)

705 2372 975 2457 Oportet
1008 2393 1137 2434 esse
1173 2371 1493 2456 quendam
1527 2394 1602 2433 ex
1633 2373 1888 2455 posteris
1921 2375 2068 2436 tuis,

701 2473 873 2556 Quid
908 2471 992 2533 ais
1020 2471 1053 2532 Ξ)
1100 2493 1359 2532 meusne
1392 2469 1562 2532 filius
1595 2483 1653 2532 te
1687 2469 1980 2533 liberabit
2008 2493 2042 2535 a
2075 2470 2251 2536 malis
2273 2471 2307 2535 Ρ

709 2572 964 2635 Tertius
997 2591 1224 2656 genere
1257 2591 1289 2631 a
1323 2570 1543 2632 decem
1576 2569 1710 2631 aliis
1742 2570 2275 2654 generationibus.

707 2673 870 2736 Haec
903 2670 1258 2733 vaticinatio
1294 2692 1417 2733 non
1451 2668 1656 2731 adhue
1686 2684 1781 2732 est
1812 2670 2007 2733 facilis
2036 2669 2386 2734 intellee'tu.

706 2772 883 2855 Quin
922 2793 1129 2854 neque
1162 2782 1296 2832 tuas
1327 2771 1617 2852 anquiras
1647 2791 1978 2833 aerumnas.

703 2873 811 2935 Ne
846 2895 946 2934 me
982 2872 1265 2957 porreeto
1297 2869 1602 2932 beneficio
1637 2869 1937 2932 continuo
1973 2868 2194 2954 priva.

707 2972 873 3035 Dua
890 2994 998 3032 um
1033 2970 1457 3032 narrationum
1493 2969 1576 3031 2⁶1}
1559 2983 1784 3032 erutra
1815 2981 1876 3031 te
1909 2968 2184 3033 donabo.

703 3071 990 3153 Quarum
1020 3072 1050 3130 Ρ
1100 3069 1301 3131 indica
1336 3081 1396 3131 et
1428 3069 1503 3130 dn
1542 3069 1696 3132 mihi
1728 3069 2074 3133 delefflum.

698 3169 1091 3234 Contribuo:
1132 3167 1306 3255 ‚elige
1342 3181 1446 3230 aut
1482 3167 1758 3253 reliquos
1791 3167 2033 3232 labores
2061 3169 2174 3232 tibi

702 3270 941 3356 Aperte
975 3267 1286 3342 indicabQ
1336 3281 1445 3332 aut
1477 3291 1617 3330 eum
1655 3268 1765 3352 qui
1803 3291 1901 3330 ure
1925 3267 2237 3331 soluturus
2261 3280 2369 3332 est.

701 3369 952 3433 Harum
979 3369 1235 3454 quidem
1270 3371 1447 3430 istam
1483 3368 1595 3438 illi,
1634 3367 1791 3430 banc
1824 3381 2040 3430 autem
2072 3368 2226 3431 mihi
2259 3368 2524 3454 gratiam

698 3468 1047 3544 concedas,
1098 3485 1300 3551 neque
1335 3468 1705 3554 posthabeas
1739 3466 2132 3551 petitionem.

699 3569 804 3632 Isti
835 3569 1099 3653 quidem
1136 3589 1341 3630 narres
1374 3567 1680 3654 reliquam
1713 3568 2110 3644 errationem,

694 3667 865 3732 Mihi
894 3689 1040 3730 vero
1072 3665 1500 3742 liberatorem3
1550 3666 1668 3729 hoc
1699 3668 1870 3730 enim
1900 3669 2109 3752 cupio.

697 3765 1240 3850 Quandoquidem
1272 3764 1517 3850 cupitis,
1569 3788 1698 3830 non
1733 3767 2094 3856 refragabor

687 3866 861 3950 Quin
892 3887 1209 3953 exponam
1242 3886 1436 3929 omne
1470 3867 1775 3952 quicquid
1805 3881 1897 3933 est
1919 3891 2046 3952 quo
2055 3869 2089 3932 :l
2113 3869 2340 3933 vultis
2325 3894 2601 3974 insupe3r

692 3968 755 4031 Ἰ
764 3969 871 4038 ibi
915 3966 1002 4040 10,
1042 3966 1316 4053 primurn
1348 3964 1681 4031 edisseram
1714 3966 2134 4054 multiplicem
2162 3993 2457 4048 errorem,

686 4068 899 4150 Quem
933 4079 999 4129 tu
1027 4066 1321 4130 inscribas
1354 4068 1618 4130 memori
1656 4068 1879 4131 mentis
1908 4069 2140 4133 tabula.

686 4165 964 4250 Quando
989 4165 1299 4228 transieris
1322 4164 1579 4229 fluvium
1606 4168 2062 4234 continentium
2088 4171 2453 4255 terminum,

683 4266 787 4328 Ad
814 4283 1021 4325 ortum
1047 4263 1325 4327 lucidum
1352 4264 1747 4330 solis—orbitae

684 4364 888 4430 Maris
921 4363 1228 4450 trajiciens
1263 4363 1600 4437 fremitum,
1649 4365 1850 4432 donec
1884 4372 2208 4454 pervenias

682 4466 794 4531 Ad
820 4488 1070 4549 campos
1103 4462 1461 4550 Gorgonios
1495 4462 1817 4542 Cisthinae,
1867 4467 1972 4534 ubi

2667 693 2788 764 755

2651 2787 2772 2855 755

2645 3272 2768 3359 780

2629 3772 2770 3858 785‘

2623 4294 2748 4360 790
