<?xml version="1.0" encoding="UTF-8"?>
<!DOCTYPE html PUBLIC "-//W3C//DTD XHTML 1.0 Transitional//EN"
    "http://www.w3.org/TR/xhtml1/DTD/xhtml1-transitional.dtd">
<html xmlns="http://www.w3.org/1999/xhtml" xml:lang="en" lang="en">
 <head>
  <title>
</title>
<meta http-equiv="Content-Type" content="text/html;charset=utf-8" />
  <meta name='ocr-system' content='tesseract 3.04.00' />
  <meta name='ocr-capabilities' content='ocr_page ocr_carea ocr_par ocr_line ocrx_word'/>
</head>
<body>
  <div class='ocr_page' id='page_1' title='image "./schylitragdiqus01unkngoog_0497.png"; bbox 0 0 2909 4884; ppageno 0'>
   <div class='ocr_carea' id='block_1_1' title="bbox 409 315 2509 404">
    <p class='ocr_par' dir='ltr' id='par_1_1' title="bbox 409 315 2509 404">
     <span class='ocr_line' id='line_1_1' title="bbox 409 315 2509 404; baseline 0.005 -21"><span class='ocrx_word' id='word_1_1' title='bbox 409 315 688 390; x_wconf 80' lang='lat' dir='ltr'>NOTAE</span> <span class='ocrx_word' id='word_1_2' title='bbox 748 320 1025 390; x_wconf 75' lang='lat' dir='ltr'><strong>VARR.</strong></span> <span class='ocrx_word' id='word_1_3' title='bbox 1087 319 1201 400; x_wconf 76' lang='lat' dir='ltr'><strong>ET</strong></span> <span class='ocrx_word' id='word_1_4' title='bbox 1244 319 1644 394; x_wconf 80' lang='lat' dir='ltr'>BUTLERI</span> <span class='ocrx_word' id='word_1_5' title='bbox 1692 321 2265 394; x_wconf 76' lang='lat' dir='ltr'><strong>PHILOLOGG.</strong></span> <span class='ocrx_word' id='word_1_6' title='bbox 2357 333 2509 404; x_wconf 69' lang='lat'><strong>,209</strong></span> 
     </span>
    </p>
   </div>
   <div class='ocr_carea' id='block_1_2' title="bbox 85 466 2513 4683">
    <p class='ocr_par' dir='ltr' id='par_1_2' title="bbox 117 466 2500 634">
     <span class='ocr_line' id='line_1_2' title="bbox 117 466 2500 567; baseline 0.005 -33"><span class='ocrx_word' id='word_1_7' title='bbox 117 466 488 542; x_wconf 62' lang='lat' dir='ltr'><strong>futurarum</strong></span> <span class='ocrx_word' id='word_1_8' title='bbox 565 498 992 546; x_wconf 68' lang='lat' dir='ltr'><strong>aramum-um</strong></span> <span class='ocrx_word' id='word_1_9' title='bbox 1074 492 1318 544; x_wconf 88' lang='lat' dir='ltr'><strong>terrore</strong></span> <span class='ocrx_word' id='word_1_10' title='bbox 1394 493 1738 567; x_wconf 77' lang='lat' dir='ltr'><strong>exaugeat,</strong></span> <span class='ocrx_word' id='word_1_11' title='bbox 1833 501 1978 546; x_wconf 88' lang='lat' dir='ltr'><strong>eam</strong></span> <span class='ocrx_word' id='word_1_12' title='bbox 2066 482 2500 548; x_wconf 71' lang='lat' dir='ltr'><strong>narrationem</strong></span> 
     </span>
     <span class='ocr_line' id='line_1_3' title="bbox 117 555 867 634; baseline 0.013 -16"><span class='ocrx_word' id='word_1_13' title='bbox 117 555 499 626; x_wconf 78' lang='lat' dir='ltr'><strong>humaniter</strong></span> <span class='ocrx_word' id='word_1_14' title='bbox 527 563 867 634; x_wconf 79' lang='lat' dir='ltr'><strong>detrectat.</strong></span> 
     </span>
    </p>

    <p class='ocr_par' dir='ltr' id='par_1_3' title="bbox 85 641 2513 4621">
     <span class='ocr_line' id='line_1_4' title="bbox 207 641 2503 740; baseline 0.006 -32"><span class='ocrx_word' id='word_1_15' title='bbox 207 641 312 720; x_wconf 46' lang='lat' dir='ltr'><strong>In,</strong></span> <span class='ocrx_word' id='word_1_16' title='bbox 347 646 478 712; x_wconf 88' lang='lat' dir='ltr'><strong>hoc</strong></span> <span class='ocrx_word' id='word_1_17' title='bbox 527 663 744 718; x_wconf 84' lang='lat' dir='ltr'><strong>autem</strong></span> <span class='ocrx_word' id='word_1_18' title='bbox 775 650 1104 736; x_wconf 83' lang='lat' dir='ltr'><strong>colloquio</strong></span> <span class='ocrx_word' id='word_1_19' title='bbox 1145 651 1383 716; x_wconf 88' lang='lat' dir='ltr'><strong>nullam</strong></span> <span class='ocrx_word' id='word_1_20' title='bbox 1429 652 1863 739; x_wconf 85' lang='lat' dir='ltr'><strong>praetermittit</strong></span> <span class='ocrx_word' id='word_1_21' title='bbox 1890 654 2327 735; x_wconf 77' lang='lat' dir='ltr'><strong>occasionem,</strong></span> <span class='ocrx_word' id='word_1_22' title='bbox 2370 676 2503 740; x_wconf 83' lang='lat' dir='ltr'><strong>qua</strong></span> 
     </span>
     <span class='ocr_line' id='line_1_5' title="bbox 111 727 2498 828; baseline 0.005 -35"><span class='ocrx_word' id='word_1_23' title='bbox 111 727 314 794; x_wconf 86' lang='lat' dir='ltr'><strong>Jovis</strong></span> <span class='ocrx_word' id='word_1_24' title='bbox 408 734 880 814; x_wconf 76' lang='lat' dir='ltr'><strong>crudelitatem,</strong></span> <span class='ocrx_word' id='word_1_25' title='bbox 967 739 1358 825; x_wconf 88' lang='lat' dir='ltr'><strong>superbiam,</strong></span> <span class='ocrx_word' id='word_1_26' title='bbox 1448 738 1785 804; x_wconf 82' lang='lat' dir='ltr'>libidinem</span> <span class='ocrx_word' id='word_1_27' title='bbox 1883 762 2187 806; x_wconf 85' lang='lat' dir='ltr'><strong>accusare</strong></span> <span class='ocrx_word' id='word_1_28' title='bbox 2274 742 2498 828; x_wconf 80' lang='lat' dir='ltr'><strong>possit.</strong></span> 
     </span>
     <span class='ocr_line' id='line_1_6' title="bbox 111 814 2498 907; baseline 0.007 -29"><span class='ocrx_word' id='word_1_29' title='bbox 111 814 324 886; x_wconf 83' lang='lat' dir='ltr'><strong>Suam</strong></span> <span class='ocrx_word' id='word_1_30' title='bbox 377 841 638 907; x_wconf 87' lang='lat' dir='ltr'><strong>quoque</strong></span> <span class='ocrx_word' id='word_1_31' title='bbox 686 824 1133 902; x_wconf 68' lang='lat' dir='ltr'><strong>conditiooem</strong></span> <span class='ocrx_word' id='word_1_32' title='bbox 1187 823 1296 896; x_wconf 81' lang='lat' dir='ltr'><strong>Ius</strong></span> <span class='ocrx_word' id='word_1_33' title='bbox 1348 824 1609 890; x_wconf 87' lang='lat' dir='ltr'><strong>fortuna</strong></span> <span class='ocrx_word' id='word_1_34' title='bbox 1657 824 1861 889; x_wconf 90' lang='lat' dir='ltr'><strong>multo</strong></span> <span class='ocrx_word' id='word_1_35' title='bbox 1916 828 2315 893; x_wconf 82' lang='lat' dir='ltr'><strong>acerbiorem</strong></span> <span class='ocrx_word' id='word_1_36' title='bbox 2360 849 2498 894; x_wconf 88' lang='lat' dir='ltr'><strong>esse</strong></span> 
     </span>
     <span class='ocr_line' id='line_1_7' title="bbox 106 905 2498 997; baseline 0.005 -29"><span class='ocrx_word' id='word_1_37' title='bbox 106 905 446 987; x_wconf 78' lang='lat' dir='ltr'><strong>ostendit3</strong></span> <span class='ocrx_word' id='word_1_38' title='bbox 527 930 658 993; x_wconf 88' lang='lat' dir='ltr'><strong>qua</strong></span> <span class='ocrx_word' id='word_1_39' title='bbox 735 910 986 975; x_wconf 87' lang='lat' dir='ltr'><strong>ratione</strong></span> <span class='ocrx_word' id='word_1_40' title='bbox 1061 924 1517 996; x_wconf 81' lang='lat' dir='ltr'><strong>spectatorem,</strong></span> <span class='ocrx_word' id='word_1_41' title='bbox 1590 912 1704 997; x_wconf 88' lang='lat' dir='ltr'><strong>qui</strong></span> <span class='ocrx_word' id='word_1_42' title='bbox 1780 912 2028 977; x_wconf 90' lang='lat' dir='ltr'><strong>flebiles</strong></span> <span class='ocrx_word' id='word_1_43' title='bbox 2088 912 2203 978; x_wconf 89' lang='lat' dir='ltr'><strong>Ius</strong></span> <span class='ocrx_word' id='word_1_44' title='bbox 2253 913 2498 980; x_wconf 85' lang='lat' dir='ltr'><strong>lamen-</strong></span> 
     </span>
     <span class='ocr_line' id='line_1_8' title="bbox 111 988 2493 1087; baseline 0.005 -36"><span class='ocrx_word' id='word_1_45' title='bbox 111 988 404 1058; x_wconf 75' lang='lat' dir='ltr'><strong>tationes</strong></span> <span class='ocrx_word' id='word_1_46' title='bbox 443 995 704 1061; x_wconf 80' lang='lat' dir='ltr'><strong>auribus</strong></span> <span class='ocrx_word' id='word_1_47' title='bbox 743 1012 1111 1086; x_wconf 87' lang='lat' dir='ltr'><strong>acceperat,</strong></span> <span class='ocrx_word' id='word_1_48' title='bbox 1154 997 1220 1061; x_wconf 91' lang='lat' dir='ltr'><strong>in</strong></span> <span class='ocrx_word' id='word_1_49' title='bbox 1264 997 1576 1083; x_wconf 83' lang='lat' dir='ltr'><strong>majorem</strong></span> <span class='ocrx_word' id='word_1_50' title='bbox 1624 998 1719 1062; x_wconf 90' lang='lat' dir='ltr'><strong>sui</strong></span> <span class='ocrx_word' id='word_1_51' title='bbox 1763 999 2257 1064; x_wconf 82' lang='lat' dir='ltr'><strong>admirationem</strong></span> <span class='ocrx_word' id='word_1_52' title='bbox 2302 1000 2493 1087; x_wconf 86' lang='lat' dir='ltr'><strong>rapit.</strong></span> 
     </span>
     <span class='ocr_line' id='line_1_9' title="bbox 115 1073 2496 1165; baseline 0.005 -26"><span class='ocrx_word' id='word_1_53' title='bbox 115 1073 559 1163; x_wconf 74' lang='lat' dir='ltr'><strong>Posteaquam</strong></span> <span class='ocrx_word' id='word_1_54' title='bbox 643 1103 796 1147; x_wconf 86' lang='lat' dir='ltr'><strong>vero</strong></span> <span class='ocrx_word' id='word_1_55' title='bbox 880 1081 958 1147; x_wconf 91' lang='lat' dir='ltr'><strong>lo</strong></span> <span class='ocrx_word' id='word_1_56' title='bbox 1039 1083 1355 1163; x_wconf 80' lang='lat' dir='ltr'><strong>discessit,</strong></span> <span class='ocrx_word' id='word_1_57' title='bbox 1448 1084 1728 1149; x_wconf 86' lang='lat' dir='ltr'><strong>ferocius</strong></span> <span class='ocrx_word' id='word_1_58' title='bbox 1804 1083 2044 1150; x_wconf 88' lang='lat' dir='ltr'><strong>Jovem</strong></span> <span class='ocrx_word' id='word_1_59' title='bbox 2124 1087 2496 1165; x_wconf 84' lang='lat' dir='ltr'><strong>insectatur,</strong></span> 
     </span>
     <span class='ocr_line' id='line_1_10' title="bbox 113 1159 2497 1250; baseline 0.005 -25"><span class='ocrx_word' id='word_1_60' title='bbox 113 1159 478 1250; x_wconf 79' lang='lat' dir='ltr'><strong>choroque</strong></span> <span class='ocrx_word' id='word_1_61' title='bbox 551 1168 826 1236; x_wconf 85' lang='lat' dir='ltr'><strong>subinde</strong></span> <span class='ocrx_word' id='word_1_62' title='bbox 902 1169 1181 1247; x_wconf 87' lang='lat' dir='ltr'><strong>timenti,</strong></span> <span class='ocrx_word' id='word_1_63' title='bbox 1253 1192 1323 1235; x_wconf 90' lang='lat' dir='ltr'><strong>se</strong></span> <span class='ocrx_word' id='word_1_64' title='bbox 1397 1170 1482 1235; x_wconf 90' lang='lat' dir='ltr'><strong>ab</strong></span> <span class='ocrx_word' id='word_1_65' title='bbox 1540 1171 1720 1238; x_wconf 88' lang='lat' dir='ltr'><strong>omni</strong></span> <span class='ocrx_word' id='word_1_66' title='bbox 1778 1186 1958 1235; x_wconf 89' lang='lat' dir='ltr'><strong>metu</strong></span> <span class='ocrx_word' id='word_1_67' title='bbox 2017 1170 2299 1236; x_wconf 88' lang='lat' dir='ltr'><strong>alienum</strong></span> <span class='ocrx_word' id='word_1_68' title='bbox 2356 1195 2497 1238; x_wconf 88' lang='lat' dir='ltr'><strong>esse</strong></span> 
     </span>
     <span class='ocr_line' id='line_1_11' title="bbox 109 1249 2494 1346; baseline 0.005 -34"><span class='ocrx_word' id='word_1_69' title='bbox 109 1249 486 1334; x_wconf 80' lang='lat' dir='ltr'><strong>profitetur.</strong></span> <span class='ocrx_word' id='word_1_70' title='bbox 571 1252 790 1322; x_wconf 82' lang='lat' dir='ltr'><strong>Vitam</strong></span> <span class='ocrx_word' id='word_1_71' title='bbox 841 1256 1018 1320; x_wconf 90' lang='lat' dir='ltr'><strong>enim</strong></span> <span class='ocrx_word' id='word_1_72' title='bbox 1065 1257 1211 1334; x_wconf 88' lang='lat' dir='ltr'><strong>sibi,</strong></span> <span class='ocrx_word' id='word_1_73' title='bbox 1273 1256 1589 1342; x_wconf 86' lang='lat' dir='ltr'><strong>quicquid</strong></span> <span class='ocrx_word' id='word_1_74' title='bbox 1635 1256 1896 1343; x_wconf 84' lang='lat' dir='ltr'><strong>Jupiter</strong></span> <span class='ocrx_word' id='word_1_75' title='bbox 1944 1257 2267 1339; x_wconf 84' lang='lat' dir='ltr'><strong>moliatur,</strong></span> <span class='ocrx_word' id='word_1_76' title='bbox 2330 1259 2494 1346; x_wconf 89' lang='lat' dir='ltr'><strong>eripi</strong></span> 
     </span>
     <span class='ocr_line' id='line_1_12' title="bbox 111 1340 2495 1428; baseline 0.004 -28"><span class='ocrx_word' id='word_1_77' title='bbox 111 1357 310 1421; x_wconf 86' lang='lat' dir='ltr'><strong>posse</strong></span> <span class='ocrx_word' id='word_1_78' title='bbox 365 1352 584 1425; x_wconf 81' lang='lat' dir='ltr'><strong>negat,</strong></span> <span class='ocrx_word' id='word_1_79' title='bbox 643 1340 710 1405; x_wconf 89' lang='lat' dir='ltr'><strong>in</strong></span> <span class='ocrx_word' id='word_1_80' title='bbox 764 1363 970 1428; x_wconf 88' lang='lat' dir='ltr'><strong>eaque</strong></span> <span class='ocrx_word' id='word_1_81' title='bbox 1019 1343 1421 1428; x_wconf 80' lang='lat' dir='ltr'><strong>cogitatione</strong></span> <span class='ocrx_word' id='word_1_82' title='bbox 1474 1364 1648 1410; x_wconf 87' lang='lat' dir='ltr'><strong>nunc</strong></span> <span class='ocrx_word' id='word_1_83' title='bbox 1709 1343 1971 1428; x_wconf 78' lang='lat' dir='ltr'><strong>quidem</strong></span> <span class='ocrx_word' id='word_1_84' title='bbox 2033 1344 2495 1410; x_wconf 84' lang='lat' dir='ltr'><strong>consolationis</strong></span> 
     </span>
     <span class='ocr_line' id='line_1_13' title="bbox 105 1427 2492 1514; baseline 0.005 -30"><span class='ocrx_word' id='word_1_85' title='bbox 105 1439 574 1509; x_wconf 80' lang='lat' dir='ltr'><strong>argumentum</strong></span> <span class='ocrx_word' id='word_1_86' title='bbox 627 1427 881 1513; x_wconf 81' lang='lat' dir='ltr'><strong>quaerit,</strong></span> <span class='ocrx_word' id='word_1_87' title='bbox 923 1429 1043 1492; x_wconf 83' lang='lat' dir='ltr'><strong>etsi</strong></span> <span class='ocrx_word' id='word_1_88' title='bbox 1091 1443 1285 1493; x_wconf 89' lang='lat' dir='ltr'><strong>autea</strong></span> <span class='ocrx_word' id='word_1_89' title='bbox 1330 1429 1442 1493; x_wconf 90' lang='lat' dir='ltr'><strong>ubi</strong></span> <span class='ocrx_word' id='word_1_90' title='bbox 1472 1450 1623 1496; x_wconf 87' lang='lat' dir='ltr'><strong>cum</strong></span> <span class='ocrx_word' id='word_1_91' title='bbox 1658 1428 1735 1494; x_wconf 82' lang='lat' dir='ltr'><strong>Io</strong></span> <span class='ocrx_word' id='word_1_92' title='bbox 1765 1427 2275 1514; x_wconf 83' lang='lat' dir='ltr'><strong>colloquebatur,</strong></span> <span class='ocrx_word' id='word_1_93' title='bbox 2321 1429 2492 1497; x_wconf 86' lang='lat' dir='ltr'><strong>hanc</strong></span> 
     </span>
     <span class='ocr_line' id='line_1_14' title="bbox 107 1508 2494 1590; baseline 0.005 -19"><span class='ocrx_word' id='word_1_94' title='bbox 107 1508 670 1578; x_wconf 82' lang='lat' dir='ltr'><strong>immortalitatem</strong></span> <span class='ocrx_word' id='word_1_95' title='bbox 722 1514 998 1580; x_wconf 89' lang='lat' dir='ltr'><strong>multum</strong></span> <span class='ocrx_word' id='word_1_96' title='bbox 1049 1515 1173 1579; x_wconf 88' lang='lat' dir='ltr'><strong>sibi</strong></span> <span class='ocrx_word' id='word_1_97' title='bbox 1220 1514 1559 1588; x_wconf 82' lang='lat' dir='ltr'><strong>molestam</strong></span> <span class='ocrx_word' id='word_1_98' title='bbox 1599 1537 1736 1579; x_wconf 88' lang='lat' dir='ltr'><strong>esse</strong></span> <span class='ocrx_word' id='word_1_99' title='bbox 1766 1514 1968 1580; x_wconf 80' lang='lat' dir='ltr'><strong>fassus</strong></span> <span class='ocrx_word' id='word_1_100' title='bbox 1997 1532 2193 1590; x_wconf 59' lang='lat' dir='ltr'><strong>erat..</strong></span> <span class='ocrx_word' id='word_1_101' title='bbox 2246 1516 2494 1584; x_wconf 68' lang='lat' dir='ltr'><strong>Omnes</strong></span> 
     </span>
     <span class='ocr_line' id='line_1_15' title="bbox 101 1599 2492 1688; baseline 0.005 -30"><span class='ocrx_word' id='word_1_102' title='bbox 101 1609 336 1664; x_wconf 86' lang='lat' dir='ltr'><strong>autem</strong></span> <span class='ocrx_word' id='word_1_103' title='bbox 382 1599 582 1668; x_wconf 79' lang='lat' dir='ltr'><strong>animi</strong></span> <span class='ocrx_word' id='word_1_104' title='bbox 631 1622 862 1666; x_wconf 86' lang='lat' dir='ltr'><strong>nervos</strong></span> <span class='ocrx_word' id='word_1_105' title='bbox 907 1601 1211 1677; x_wconf 87' lang='lat' dir='ltr'><strong>intendit,</strong></span> <span class='ocrx_word' id='word_1_106' title='bbox 1256 1623 1649 1685; x_wconf 88' lang='lat' dir='ltr'><strong>omnemque</strong></span> <span class='ocrx_word' id='word_1_107' title='bbox 1695 1623 2021 1688; x_wconf 82' lang='lat' dir='ltr'><strong>generosae</strong></span> <span class='ocrx_word' id='word_1_108' title='bbox 2066 1605 2304 1670; x_wconf 80' lang='lat' dir='ltr'><strong>mentis</strong></span> <span class='ocrx_word' id='word_1_109' title='bbox 2358 1604 2492 1669; x_wconf 84' lang='lat' dir='ltr'><strong>vim</strong></span> 
     </span>
     <span class='ocr_line' id='line_1_16' title="bbox 105 1683 2492 1771; baseline 0.002 -23"><span class='ocrx_word' id='word_1_110' title='bbox 105 1683 452 1769; x_wconf 71' lang='lat' dir='ltr'><strong>exprimit,</strong></span> <span class='ocrx_word' id='word_1_111' title='bbox 521 1686 592 1750; x_wconf 86' lang='lat' dir='ltr'><strong>in</strong></span> <span class='ocrx_word' id='word_1_112' title='bbox 667 1698 961 1752; x_wconf 76' lang='lat' dir='ltr'><strong>extrema</strong></span> <span class='ocrx_word' id='word_1_113' title='bbox 1035 1709 1250 1765; x_wconf 88' lang='lat' dir='ltr'><strong>scena,</strong></span> <span class='ocrx_word' id='word_1_114' title='bbox 1323 1687 1435 1752; x_wconf 90' lang='lat' dir='ltr'><strong>ubi</strong></span> <span class='ocrx_word' id='word_1_115' title='bbox 1516 1687 1875 1766; x_wconf 86' lang='lat' dir='ltr'><strong>Mercurio,</strong></span> <span class='ocrx_word' id='word_1_116' title='bbox 1946 1688 2141 1755; x_wconf 86' lang='lat' dir='ltr'><strong>Jovis</strong></span> <span class='ocrx_word' id='word_1_117' title='bbox 2212 1688 2492 1771; x_wconf 72' lang='lat' dir='ltr'><strong>asseclae,</strong></span> 
     </span>
     <span class='ocr_line' id='line_1_17' title="bbox 104 1771 2493 1860; baseline 0.004 -27"><span class='ocrx_word' id='word_1_118' title='bbox 104 1781 426 1855; x_wconf 85' lang='lat' dir='ltr'><strong>tanquam</strong></span> <span class='ocrx_word' id='word_1_119' title='bbox 474 1772 664 1838; x_wconf 86' lang='lat' dir='ltr'><strong>sorici</strong></span> <span class='ocrx_word' id='word_1_120' title='bbox 717 1771 961 1860; x_wconf 84' lang='lat' dir='ltr'><strong>palatii,</strong></span> <span class='ocrx_word' id='word_1_121' title='bbox 1005 1775 1239 1839; x_wconf 88' lang='lat' dir='ltr'><strong>acerbe</strong></span> <span class='ocrx_word' id='word_1_122' title='bbox 1287 1773 1517 1852; x_wconf 82' lang='lat' dir='ltr'><strong>illudit,</strong></span> <span class='ocrx_word' id='word_1_123' title='bbox 1560 1788 1629 1838; x_wconf 92' lang='lat' dir='ltr'><strong>et</strong></span> <span class='ocrx_word' id='word_1_124' title='bbox 1679 1796 1810 1859; x_wconf 90' lang='lat' dir='ltr'><strong>quo</strong></span> <span class='ocrx_word' id='word_1_125' title='bbox 1854 1775 2257 1860; x_wconf 86' lang='lat' dir='ltr'><strong>gravioribus</strong></span> <span class='ocrx_word' id='word_1_126' title='bbox 2298 1777 2493 1842; x_wconf 88' lang='lat' dir='ltr'><strong>minis</strong></span> 
     </span>
     <span class='ocr_line' id='line_1_18' title="bbox 103 1854 2492 1949; baseline 0.005 -31"><span class='ocrx_word' id='word_1_127' title='bbox 103 1854 218 1921; x_wconf 89' lang='lat' dir='ltr'><strong>hic</strong></span> <span class='ocrx_word' id='word_1_128' title='bbox 278 1878 429 1924; x_wconf 89' lang='lat' dir='ltr'><strong>eum</strong></span> <span class='ocrx_word' id='word_1_129' title='bbox 483 1860 849 1945; x_wconf 83' lang='lat' dir='ltr'><strong>opprimere</strong></span> <span class='ocrx_word' id='word_1_130' title='bbox 895 1883 973 1924; x_wconf 89' lang='lat' dir='ltr'><strong>ac</strong></span> <span class='ocrx_word' id='word_1_131' title='bbox 1025 1861 1280 1926; x_wconf 86' lang='lat' dir='ltr'><strong>vincere</strong></span> <span class='ocrx_word' id='word_1_132' title='bbox 1328 1860 1568 1940; x_wconf 86' lang='lat' dir='ltr'><strong>studet,</strong></span> <span class='ocrx_word' id='word_1_133' title='bbox 1634 1882 1715 1924; x_wconf 90' lang='lat' dir='ltr'><strong>eo</strong></span> <span class='ocrx_word' id='word_1_134' title='bbox 1762 1859 2024 1926; x_wconf 88' lang='lat' dir='ltr'><strong>liberius</strong></span> <span class='ocrx_word' id='word_1_135' title='bbox 2052 1862 2492 1949; x_wconf 86' lang='lat' dir='ltr'><strong>audaciusque</strong></span> 
     </span>
     <span class='ocr_line' id='line_1_19' title="bbox 97 1941 2489 2034; baseline 0.005 -29"><span class='ocrx_word' id='word_1_136' title='bbox 97 1941 430 2008; x_wconf 79' lang='lat' dir='ltr'><strong>exsultat:</strong></span> <span class='ocrx_word' id='word_1_137' title='bbox 500 1946 631 2010; x_wconf 84' lang='lat' dir='ltr'><strong>imo</strong></span> <span class='ocrx_word' id='word_1_138' title='bbox 678 1946 928 2012; x_wconf 86' lang='lat' dir='ltr'><strong>etiamsi</strong></span> <span class='ocrx_word' id='word_1_139' title='bbox 969 1942 1231 2032; x_wconf 90' lang='lat' dir='ltr'><strong>Jupiter</strong></span> <span class='ocrx_word' id='word_1_140' title='bbox 1268 1946 1510 2012; x_wconf 82' lang='lat' dir='ltr'><strong>coelum</strong></span> <span class='ocrx_word' id='word_1_141' title='bbox 1570 1960 1934 2032; x_wconf 87' lang='lat' dir='ltr'><strong>terramque</strong></span> <span class='ocrx_word' id='word_1_142' title='bbox 1979 1948 2249 2014; x_wconf 86' lang='lat' dir='ltr'><strong>misceat</strong></span> <span class='ocrx_word' id='word_1_143' title='bbox 2293 1963 2489 2034; x_wconf 86' lang='lat' dir='ltr'><strong>atque</strong></span> 
     </span>
     <span class='ocr_line' id='line_1_20' title="bbox 103 2027 2489 2118; baseline 0.004 -26"><span class='ocrx_word' id='word_1_144' title='bbox 103 2027 500 2107; x_wconf 70' lang='lat' dir='ltr'><strong>confundat,</strong></span> <span class='ocrx_word' id='word_1_145' title='bbox 571 2031 930 2117; x_wconf 82' lang='lat' dir='ltr'><strong>ipsamque,</strong></span> <span class='ocrx_word' id='word_1_146' title='bbox 1003 2033 1109 2096; x_wconf 88' lang='lat' dir='ltr'><strong>cui</strong></span> <span class='ocrx_word' id='word_1_147' title='bbox 1193 2031 1426 2096; x_wconf 83' lang='lat' dir='ltr'><strong>affixus</strong></span> <span class='ocrx_word' id='word_1_148' title='bbox 1506 2045 1664 2110; x_wconf 90' lang='lat' dir='ltr'><strong>erat,</strong></span> <span class='ocrx_word' id='word_1_149' title='bbox 1738 2054 1961 2118; x_wconf 91' lang='lat' dir='ltr'><strong>rupem</strong></span> <span class='ocrx_word' id='word_1_150' title='bbox 2046 2032 2331 2118; x_wconf 82' lang='lat' dir='ltr'><strong>disjiciat</strong></span> <span class='ocrx_word' id='word_1_151' title='bbox 2410 2059 2489 2102; x_wconf 89' lang='lat' dir='ltr'><strong>ac</strong></span> 
     </span>
     <span class='ocr_line' id='line_1_21' title="bbox 85 2113 2513 2206; baseline 0.001 -22"><span class='ocrx_word' id='word_1_152' title='bbox 85 2113 439 2194; x_wconf 64' lang='lat' dir='ltr'><strong>deturbet,</strong></span> <span class='ocrx_word' id='word_1_153' title='bbox 480 2138 549 2184; x_wconf 80' lang='lat' dir='ltr'><strong>se</strong></span> <span class='ocrx_word' id='word_1_154' title='bbox 598 2118 679 2182; x_wconf 90' lang='lat' dir='ltr'><strong>de</strong></span> <span class='ocrx_word' id='word_1_155' title='bbox 723 2133 894 2186; x_wconf 86' lang='lat' dir='ltr'><strong>statu</strong></span> <span class='ocrx_word' id='word_1_156' title='bbox 945 2118 1180 2186; x_wconf 85' lang='lat' dir='ltr'><strong>mentis</strong></span> <span class='ocrx_word' id='word_1_157' title='bbox 1232 2116 1559 2201; x_wconf 81' lang='lat' dir='ltr'><strong>dejectum</strong></span> <span class='ocrx_word' id='word_1_158' title='bbox 1606 2139 1738 2182; x_wconf 87' lang='lat' dir='ltr'><strong>non</strong></span> <span class='ocrx_word' id='word_1_159' title='bbox 1785 2118 1859 2182; x_wconf 89' lang='lat' dir='ltr'><strong>iri</strong></span> <span class='ocrx_word' id='word_1_160' title='bbox 1896 2141 2080 2204; x_wconf 85' lang='lat' dir='ltr'><strong>posse</strong></span> <span class='ocrx_word' id='word_1_161' title='bbox 2112 2142 2243 2186; x_wconf 88' lang='lat' dir='ltr'><strong>uon</strong></span> <span class='ocrx_word' id='word_1_162' title='bbox 2276 2123 2513 2206; x_wconf 34' lang='lat' dir='ltr'><strong>verbis,</strong></span> 
     </span>
     <span class='ocr_line' id='line_1_22' title="bbox 103 2200 2487 2292; baseline 0.002 -25"><span class='ocrx_word' id='word_1_163' title='bbox 103 2200 324 2270; x_wconf 78' lang='lat' dir='ltr'><strong>solum</strong></span> <span class='ocrx_word' id='word_1_164' title='bbox 383 2204 690 2282; x_wconf 85' lang='lat' dir='ltr'><strong>ostendit,</strong></span> <span class='ocrx_word' id='word_1_165' title='bbox 757 2227 979 2270; x_wconf 86' lang='lat' dir='ltr'><strong>verum</strong></span> <span class='ocrx_word' id='word_1_166' title='bbox 1038 2204 1234 2269; x_wconf 89' lang='lat' dir='ltr'><strong>etiam</strong></span> <span class='ocrx_word' id='word_1_167' title='bbox 1297 2218 1372 2268; x_wconf 90' lang='lat' dir='ltr'><strong>ut</strong></span> <span class='ocrx_word' id='word_1_168' title='bbox 1428 2217 1758 2290; x_wconf 85' lang='lat' dir='ltr'><strong>spectator</strong></span> <span class='ocrx_word' id='word_1_169' title='bbox 1815 2226 2036 2290; x_wconf 82' lang='lat' dir='ltr'><strong>reapse</strong></span> <span class='ocrx_word' id='word_1_170' title='bbox 2095 2207 2487 2292; x_wconf 83' lang='lat' dir='ltr'><strong>experiatur,</strong></span> 
     </span>
     <span class='ocr_line' id='line_1_23' title="bbox 102 2287 2488 2376; baseline 0.003 -25"><span class='ocrx_word' id='word_1_171' title='bbox 102 2288 294 2358; x_wconf 78' lang='lat' dir='ltr'><strong>facit.</strong></span> <span class='ocrx_word' id='word_1_172' title='bbox 439 2287 519 2354; x_wconf 87' lang='lat' dir='ltr'><strong>In</strong></span> <span class='ocrx_word' id='word_1_173' title='bbox 596 2289 985 2376; x_wconf 81' lang='lat' dir='ltr'><strong>reliquarum</strong></span> <span class='ocrx_word' id='word_1_174' title='bbox 1071 2313 1222 2355; x_wconf 83' lang='lat' dir='ltr'><strong>vero</strong></span> <span class='ocrx_word' id='word_1_175' title='bbox 1292 2312 1709 2376; x_wconf 86' lang='lat' dir='ltr'><strong>personarum</strong></span> <span class='ocrx_word' id='word_1_176' title='bbox 1785 2290 2019 2354; x_wconf 87' lang='lat' dir='ltr'><strong>animis</strong></span> <span class='ocrx_word' id='word_1_177' title='bbox 2073 2306 2142 2355; x_wconf 89' lang='lat' dir='ltr'><strong>et</strong></span> <span class='ocrx_word' id='word_1_178' title='bbox 2197 2293 2488 2366; x_wconf 81' lang='lat' dir='ltr'><strong>moribus</strong></span> 
     </span>
     <span class='ocr_line' id='line_1_24' title="bbox 97 2374 2486 2464; baseline 0.003 -25"><span class='ocrx_word' id='word_1_179' title='bbox 97 2374 528 2444; x_wconf 82' lang='lat' dir='ltr'><strong>efformaudis</strong></span> <span class='ocrx_word' id='word_1_180' title='bbox 574 2397 706 2441; x_wconf 88' lang='lat' dir='ltr'><strong>non</strong></span> <span class='ocrx_word' id='word_1_181' title='bbox 755 2377 962 2460; x_wconf 77' lang='lat' dir='ltr'><strong>magis</strong></span> <span class='ocrx_word' id='word_1_182' title='bbox 1011 2376 1342 2463; x_wconf 82' lang='lat' dir='ltr'><strong>egregiam</strong></span> <span class='ocrx_word' id='word_1_183' title='bbox 1395 2376 1787 2440; x_wconf 82' lang='lat' dir='ltr'><strong>inventionis</strong></span> <span class='ocrx_word' id='word_1_184' title='bbox 1842 2377 2224 2456; x_wconf 83' lang='lat' dir='ltr'><strong>ubertatem,</strong></span> <span class='ocrx_word' id='word_1_185' title='bbox 2286 2402 2486 2464; x_wconf 89' lang='lat' dir='ltr'><strong>quam</strong></span> 
     </span>
     <span class='ocr_line' id='line_1_25' title="bbox 99 2461 2486 2550; baseline 0.003 -24"><span class='ocrx_word' id='word_1_186' title='bbox 99 2462 420 2528; x_wconf 65' lang='lat' dir='ltr'><strong>eximiam</strong></span> <span class='ocrx_word' id='word_1_187' title='bbox 470 2462 627 2528; x_wconf 85' lang='lat' dir='ltr'><strong>artis</strong></span> <span class='ocrx_word' id='word_1_188' title='bbox 683 2463 1125 2541; x_wconf 82' lang='lat' dir='ltr'><strong>calliditatem,</strong></span> <span class='ocrx_word' id='word_1_189' title='bbox 1185 2461 1533 2548; x_wconf 84' lang='lat' dir='ltr'><strong>AEschylus</strong></span> <span class='ocrx_word' id='word_1_190' title='bbox 1582 2461 1952 2528; x_wconf 85' lang='lat' dir='ltr'><strong>declaravit.</strong></span> <span class='ocrx_word' id='word_1_191' title='bbox 2039 2461 2141 2530; x_wconf 91' lang='lat' dir='ltr'><strong>Ac</strong></span> <span class='ocrx_word' id='word_1_192' title='bbox 2205 2465 2486 2550; x_wconf 88' lang='lat' dir='ltr'><strong>primum</strong></span> 
     </span>
     <span class='ocr_line' id='line_1_26' title="bbox 101 2548 2487 2636; baseline 0.002 -22"><span class='ocrx_word' id='word_1_193' title='bbox 101 2549 378 2633; x_wconf 84' lang='lat' dir='ltr'><strong>quidem</strong></span> <span class='ocrx_word' id='word_1_194' title='bbox 437 2570 588 2616; x_wconf 86' lang='lat' dir='ltr'><strong>eum</strong></span> <span class='ocrx_word' id='word_1_195' title='bbox 644 2550 811 2616; x_wconf 89' lang='lat' dir='ltr'><strong>inter</strong></span> <span class='ocrx_word' id='word_1_196' title='bbox 869 2550 1176 2616; x_wconf 84' lang='lat' dir='ltr'><strong>dramatis</strong></span> <span class='ocrx_word' id='word_1_197' title='bbox 1221 2570 1546 2636; x_wconf 75' lang='lat' dir='ltr'><strong>personaS,</strong></span> <span class='ocrx_word' id='word_1_198' title='bbox 1608 2548 1751 2614; x_wconf 81' lang='lat' dir='ltr'><strong>duae</strong></span> <span class='ocrx_word' id='word_1_199' title='bbox 1799 2549 2079 2615; x_wconf 85' lang='lat' dir='ltr'><strong>inimicae</strong></span> <span class='ocrx_word' id='word_1_200' title='bbox 2138 2550 2269 2614; x_wconf 90' lang='lat' dir='ltr'><strong>sint</strong></span> <span class='ocrx_word' id='word_1_201' title='bbox 2324 2551 2487 2618; x_wconf 92' lang='lat' dir='ltr'><strong>Pro-</strong></span> 
     </span>
     <span class='ocr_line' id='line_1_27' title="bbox 99 2634 2488 2721; baseline 0.002 -21"><span class='ocrx_word' id='word_1_202' title='bbox 99 2635 377 2713; x_wconf 82' lang='lat' dir='ltr'><strong>methei,</strong></span> <span class='ocrx_word' id='word_1_203' title='bbox 425 2634 655 2702; x_wconf 76' lang='lat' dir='ltr'><strong>Robur</strong></span> <span class='ocrx_word' id='word_1_204' title='bbox 697 2650 768 2700; x_wconf 89' lang='lat' dir='ltr'><strong>et</strong></span> <span class='ocrx_word' id='word_1_205' title='bbox 821 2635 1207 2710; x_wconf 76' lang='lat' dir='ltr'><strong>MercuriuS,</strong></span> <span class='ocrx_word' id='word_1_206' title='bbox 1252 2648 1530 2720; x_wconf 87' lang='lat' dir='ltr'><strong>quatuor</strong></span> <span class='ocrx_word' id='word_1_207' title='bbox 1575 2647 1792 2700; x_wconf 87' lang='lat' dir='ltr'><strong>autem</strong></span> <span class='ocrx_word' id='word_1_208' title='bbox 1844 2635 2095 2716; x_wconf 86' lang='lat' dir='ltr'><strong>amicae,</strong></span> <span class='ocrx_word' id='word_1_209' title='bbox 2136 2635 2488 2721; x_wconf 87' lang='lat' dir='ltr'><strong>Vulcanus,</strong></span> 
     </span>
     <span class='ocr_line' id='line_1_28' title="bbox 103 2718 2485 2807; baseline 0.002 -21"><span class='ocrx_word' id='word_1_210' title='bbox 103 2719 389 2801; x_wconf 60' lang='lat' dir='ltr'><strong>Chorus,</strong></span> <span class='ocrx_word' id='word_1_211' title='bbox 434 2718 762 2797; x_wconf 82' lang='lat' dir='ltr'><strong>Oceanus,</strong></span> <span class='ocrx_word' id='word_1_212' title='bbox 824 2737 892 2787; x_wconf 82' lang='lat' dir='ltr'><strong>et</strong></span> <span class='ocrx_word' id='word_1_213' title='bbox 945 2721 1045 2802; x_wconf 87' lang='lat' dir='ltr'><strong>Io,</strong></span> <span class='ocrx_word' id='word_1_214' title='bbox 1089 2744 1219 2786; x_wconf 88' lang='lat' dir='ltr'><strong>una</strong></span> <span class='ocrx_word' id='word_1_215' title='bbox 1270 2737 1486 2788; x_wconf 84' lang='lat' dir='ltr'><strong>tamen</strong></span> <span class='ocrx_word' id='word_1_216' title='bbox 1540 2720 1849 2807; x_wconf 81' lang='lat' dir='ltr'><strong>quaelibet</strong></span> <span class='ocrx_word' id='word_1_217' title='bbox 1896 2743 2115 2790; x_wconf 87' lang='lat' dir='ltr'><strong>earum</strong></span> <span class='ocrx_word' id='word_1_218' title='bbox 2171 2744 2357 2800; x_wconf 84' lang='lat' dir='ltr'><strong>suum</strong></span> <span class='ocrx_word' id='word_1_219' title='bbox 2416 2726 2485 2802; x_wconf 79' lang='lat' dir='ltr'><strong>in</strong></span> 
     </span>
     <span class='ocr_line' id='line_1_29' title="bbox 105 2806 2484 2896; baseline 0.001 -23"><span class='ocrx_word' id='word_1_220' title='bbox 105 2807 580 2886; x_wconf 76' lang='lat' dir='ltr'><strong>Prometheum</strong></span> <span class='ocrx_word' id='word_1_221' title='bbox 652 2807 754 2874; x_wconf 76' lang='lat' dir='ltr'><strong>vel</strong></span> <span class='ocrx_word' id='word_1_222' title='bbox 825 2808 1052 2874; x_wconf 83' lang='lat' dir='ltr'><strong>odium</strong></span> <span class='ocrx_word' id='word_1_223' title='bbox 1125 2808 1222 2872; x_wconf 87' lang='lat' dir='ltr'><strong>vel</strong></span> <span class='ocrx_word' id='word_1_224' title='bbox 1299 2806 1815 2876; x_wconf 83' lang='lat' dir='ltr'><strong>benevolentiam</strong></span> <span class='ocrx_word' id='word_1_225' title='bbox 1876 2810 2141 2896; x_wconf 88' lang='lat' dir='ltr'><strong>proprio</strong></span> <span class='ocrx_word' id='word_1_226' title='bbox 2200 2811 2484 2896; x_wconf 88' lang='lat' dir='ltr'><strong>quodam</strong></span> 
     </span>
     <span class='ocr_line' id='line_1_30' title="bbox 101 2894 2487 2982; baseline 0.001 -22"><span class='ocrx_word' id='word_1_227' title='bbox 101 2894 312 2962; x_wconf 87' lang='lat' dir='ltr'><strong>modo</strong></span> <span class='ocrx_word' id='word_1_228' title='bbox 370 2912 468 2960; x_wconf 89' lang='lat' dir='ltr'><strong>et·</strong></span> <span class='ocrx_word' id='word_1_229' title='bbox 495 2917 613 2964; x_wconf 87' lang='lat' dir='ltr'><strong>suo</strong></span> <span class='ocrx_word' id='word_1_230' title='bbox 672 2895 1075 2964; x_wconf 82' lang='lat' dir='ltr'><strong>testificatur.</strong></span> <span class='ocrx_word' id='word_1_231' title='bbox 1201 2895 1430 2959; x_wconf 83' lang='lat' dir='ltr'><strong>Robur</strong></span> <span class='ocrx_word' id='word_1_232' title='bbox 1489 2894 1664 2960; x_wconf 89' lang='lat' dir='ltr'><strong>enim</strong></span> <span class='ocrx_word' id='word_1_233' title='bbox 1723 2916 1805 2959; x_wconf 90' lang='lat' dir='ltr'><strong>ea</strong></span> <span class='ocrx_word' id='word_1_234' title='bbox 1858 2896 2203 2982; x_wconf 88' lang='lat' dir='ltr'><strong>asperitate</strong></span> <span class='ocrx_word' id='word_1_235' title='bbox 2262 2912 2361 2961; x_wconf 89' lang='lat' dir='ltr'><strong>est</strong></span> <span class='ocrx_word' id='word_1_236' title='bbox 2414 2913 2487 2964; x_wconf 85' lang='lat' dir='ltr'><strong>et</strong></span> 
     </span>
     <span class='ocr_line' id='line_1_31' title="bbox 103 2979 2485 3060; baseline 0.003 -16"><span class='ocrx_word' id='word_1_237' title='bbox 103 2981 516 3050; x_wconf 81' lang='lat' dir='ltr'><strong>immanitate</strong></span> <span class='ocrx_word' id='word_1_238' title='bbox 594 2994 860 3057; x_wconf 66' lang='lat' dir='ltr'><strong>naturae,</strong></span> <span class='ocrx_word' id='word_1_239' title='bbox 937 2995 1009 3046; x_wconf 90' lang='lat' dir='ltr'><strong>ut</strong></span> <span class='ocrx_word' id='word_1_240' title='bbox 1091 2980 1466 3048; x_wconf 88' lang='lat' dir='ltr'><strong>Promethei</strong></span> <span class='ocrx_word' id='word_1_241' title='bbox 1526 2979 1874 3056; x_wconf 58' lang='lat' dir='ltr'><strong>‚doloribus</strong></span> <span class='ocrx_word' id='word_1_242' title='bbox 1949 2994 2019 3046; x_wconf 90' lang='lat' dir='ltr'><strong>et</strong></span> <span class='ocrx_word' id='word_1_243' title='bbox 2089 2982 2485 3060; x_wconf 78' lang='lat' dir='ltr'><strong>cruciatibus</strong></span> 
     </span>
     <span class='ocr_line' id='line_1_32' title="bbox 97 3065 2484 3154; baseline 0.001 -24"><span class='ocrx_word' id='word_1_244' title='bbox 97 3066 403 3147; x_wconf 78' lang='lat' dir='ltr'><strong>lactetur,</strong></span> <span class='ocrx_word' id='word_1_245' title='bbox 479 3081 549 3132; x_wconf 90' lang='lat' dir='ltr'><strong>ut</strong></span> <span class='ocrx_word' id='word_1_246' title='bbox 625 3067 899 3136; x_wconf 83' lang='lat' dir='ltr'><strong>miseriis</strong></span> <span class='ocrx_word' id='word_1_247' title='bbox 973 3067 1113 3153; x_wconf 85' lang='lat' dir='ltr'><strong>ejus</strong></span> <span class='ocrx_word' id='word_1_248' title='bbox 1171 3066 1417 3145; x_wconf 90' lang='lat' dir='ltr'><strong>illudat,</strong></span> <span class='ocrx_word' id='word_1_249' title='bbox 1493 3081 1565 3130; x_wconf 90' lang='lat' dir='ltr'><strong>ut</strong></span> <span class='ocrx_word' id='word_1_250' title='bbox 1623 3065 2013 3152; x_wconf 88' lang='lat' dir='ltr'><strong>supplicium</strong></span> <span class='ocrx_word' id='word_1_251' title='bbox 2074 3081 2320 3154; x_wconf 82' lang='lat' dir='ltr'><strong>urgeat,</strong></span> <span class='ocrx_word' id='word_1_252' title='bbox 2392 3087 2484 3150; x_wconf 82' lang='lat' dir='ltr'><strong>et,</strong></span> 
     </span>
     <span class='ocr_line' id='line_1_33' title="bbox 99 3152 2482 3241; baseline 0 -21"><span class='ocrx_word' id='word_1_253' title='bbox 99 3169 421 3239; x_wconf 75' lang='lat' dir='ltr'><strong>quantum</strong></span> <span class='ocrx_word' id='word_1_254' title='bbox 491 3154 630 3220; x_wconf 72' lang='lat' dir='ltr'><strong>fieri</strong></span> <span class='ocrx_word' id='word_1_255' title='bbox 707 3153 931 3241; x_wconf 82' lang='lat' dir='ltr'><strong>possit,</strong></span> <span class='ocrx_word' id='word_1_256' title='bbox 1004 3154 1223 3239; x_wconf 86' lang='lat' dir='ltr'><strong>augeri</strong></span> <span class='ocrx_word' id='word_1_257' title='bbox 1285 3165 1482 3237; x_wconf 89' lang='lat' dir='ltr'><strong>atque</strong></span> <span class='ocrx_word' id='word_1_258' title='bbox 1538 3152 1915 3220; x_wconf 83' lang='lat' dir='ltr'><strong>exacerbari</strong></span> <span class='ocrx_word' id='word_1_259' title='bbox 1993 3152 2168 3218; x_wconf 79' lang='lat' dir='ltr'><strong>velit.</strong></span> <span class='ocrx_word' id='word_1_260' title='bbox 2301 3155 2482 3228; x_wconf 82' lang='lat' dir='ltr'><strong>Quid</strong></span> 
     </span>
     <span class='ocr_line' id='line_1_34' title="bbox 97 3237 2483 3327; baseline 0.002 -23"><span class='ocrx_word' id='word_1_261' title='bbox 97 3239 350 3308; x_wconf 67' lang='lat' dir='ltr'><strong>mnsltai</strong></span> <span class='ocrx_word' id='word_1_262' title='bbox 437 3238 782 3310; x_wconf 68' lang='lat' dir='ltr'><strong>carnificis</strong></span> <span class='ocrx_word' id='word_1_263' title='bbox 823 3240 1158 3327; x_wconf 80' lang='lat' dir='ltr'><strong>ingenium</strong></span> <span class='ocrx_word' id='word_1_264' title='bbox 1198 3238 1462 3304; x_wconf 79' lang='lat' dir='ltr'><strong>dixeris.</strong></span> <span class='ocrx_word' id='word_1_265' title='bbox 1551 3237 1919 3306; x_wconf 86' lang='lat' dir='ltr'><strong>Mercurius</strong></span> <span class='ocrx_word' id='word_1_266' title='bbox 1950 3260 2102 3306; x_wconf 77' lang='lat' dir='ltr'><strong>vero</strong></span> <span class='ocrx_word' id='word_1_267' title='bbox 2132 3238 2483 3320; x_wconf 88' lang='lat' dir='ltr'><strong>mitiorem,</strong></span> 
     </span>
     <span class='ocr_line' id='line_1_35' title="bbox 99 3323 2483 3413; baseline 0 -21"><span class='ocrx_word' id='word_1_268' title='bbox 99 3326 502 3413; x_wconf 79' lang='lat' dir='ltr'><strong>politiorem,</strong></span> <span class='ocrx_word' id='word_1_269' title='bbox 566 3341 638 3392; x_wconf 87' lang='lat' dir='ltr'><strong>et</strong></span> <span class='ocrx_word' id='word_1_270' title='bbox 689 3326 1090 3396; x_wconf 79' lang='lat' dir='ltr'><strong>callidiorem</strong></span> <span class='ocrx_word' id='word_1_271' title='bbox 1149 3347 1217 3389; x_wconf 85' lang='lat' dir='ltr'><strong>se</strong></span> <span class='ocrx_word' id='word_1_272' title='bbox 1276 3323 1709 3392; x_wconf 84' lang='lat' dir='ltr'><strong>adversarium</strong></span> <span class='ocrx_word' id='word_1_273' title='bbox 1772 3325 2062 3411; x_wconf 82' lang='lat' dir='ltr'><strong>praebet3</strong></span> <span class='ocrx_word' id='word_1_274' title='bbox 2129 3347 2251 3390; x_wconf 86' lang='lat' dir='ltr'><strong>nec</strong></span> <span class='ocrx_word' id='word_1_275' title='bbox 2309 3328 2483 3394; x_wconf 88' lang='lat' dir='ltr'><strong>demi</strong></span> 
     </span>
     <span class='ocr_line' id='line_1_36' title="bbox 103 3409 2482 3498; baseline 0.001 -22"><span class='ocrx_word' id='word_1_276' title='bbox 103 3413 268 3498; x_wconf 87' lang='lat' dir='ltr'><strong>quid</strong></span> <span class='ocrx_word' id='word_1_277' title='bbox 321 3413 408 3479; x_wconf 87' lang='lat' dir='ltr'><strong>de</strong></span> <span class='ocrx_word' id='word_1_278' title='bbox 459 3412 832 3480; x_wconf 74' lang='lat' dir='ltr'><strong>Promethei</strong></span> <span class='ocrx_word' id='word_1_279' title='bbox 883 3411 1092 3490; x_wconf 81' lang='lat' dir='ltr'><strong>malis,</strong></span> <span class='ocrx_word' id='word_1_280' title='bbox 1156 3433 1280 3476; x_wconf 89' lang='lat' dir='ltr'><strong>nec</strong></span> <span class='ocrx_word' id='word_1_281' title='bbox 1332 3410 1484 3478; x_wconf 88' lang='lat' dir='ltr'><strong>addi</strong></span> <span class='ocrx_word' id='word_1_282' title='bbox 1539 3409 1781 3496; x_wconf 89' lang='lat' dir='ltr'><strong>aliquid</strong></span> <span class='ocrx_word' id='word_1_283' title='bbox 1836 3412 2064 3498; x_wconf 81' lang='lat' dir='ltr'><strong>cupit:</strong></span> <span class='ocrx_word' id='word_1_284' title='bbox 2131 3434 2350 3478; x_wconf 75' lang='lat' dir='ltr'><strong>verum</strong></span> <span class='ocrx_word' id='word_1_285' title='bbox 2413 3414 2482 3480; x_wconf 90' lang='lat' dir='ltr'><strong>id</strong></span> 
     </span>
     <span class='ocr_line' id='line_1_37' title="bbox 99 3495 2484 3586; baseline 0.001 -23"><span class='ocrx_word' id='word_1_286' title='bbox 99 3500 300 3566; x_wconf 85' lang='lat' dir='ltr'><strong>unice</strong></span> <span class='ocrx_word' id='word_1_287' title='bbox 345 3499 509 3586; x_wconf 79' lang='lat' dir='ltr'><strong>agit,</strong></span> <span class='ocrx_word' id='word_1_288' title='bbox 553 3512 625 3565; x_wconf 91' lang='lat' dir='ltr'><strong>ut</strong></span> <span class='ocrx_word' id='word_1_289' title='bbox 674 3498 996 3585; x_wconf 78' lang='lat' dir='ltr'><strong>majorum</strong></span> <span class='ocrx_word' id='word_1_290' title='bbox 1042 3519 1380 3586; x_wconf 82' lang='lat' dir='ltr'><strong>poenarum</strong></span> <span class='ocrx_word' id='word_1_291' title='bbox 1419 3497 1648 3576; x_wconf 75' lang='lat' dir='ltr'><strong>minis,</strong></span> <span class='ocrx_word' id='word_1_292' title='bbox 1694 3495 2152 3564; x_wconf 86' lang='lat' dir='ltr'><strong>Prometheum</strong></span> <span class='ocrx_word' id='word_1_293' title='bbox 2206 3499 2287 3564; x_wconf 90' lang='lat' dir='ltr'><strong>ad</strong></span> <span class='ocrx_word' id='word_1_294' title='bbox 2382 3522 2484 3565; x_wconf 91' lang='lat' dir='ltr'><strong>ro·-</strong></span> 
     </span>
     <span class='ocr_line' id='line_1_38' title="bbox 99 3583 2485 3672; baseline 0 -22"><span class='ocrx_word' id='word_1_295' title='bbox 99 3585 416 3664; x_wconf 76' lang='lat' dir='ltr'><strong>deodum,</strong></span> <span class='ocrx_word' id='word_1_296' title='bbox 459 3586 636 3672; x_wconf 88' lang='lat' dir='ltr'><strong>quod</strong></span> <span class='ocrx_word' id='word_1_297' title='bbox 678 3585 912 3656; x_wconf 81' lang='lat' dir='ltr'><strong>rescire</strong></span> <span class='ocrx_word' id='word_1_298' title='bbox 957 3583 1146 3654; x_wconf 83' lang='lat' dir='ltr'><strong>Jovis</strong></span> <span class='ocrx_word' id='word_1_299' title='bbox 1177 3585 1507 3664; x_wconf 89' lang='lat' dir='ltr'><strong>intererat,</strong></span> <span class='ocrx_word' id='word_1_300' title='bbox 1548 3598 1869 3648; x_wconf 87' lang='lat' dir='ltr'><strong>secretum</strong></span> <span class='ocrx_word' id='word_1_301' title='bbox 1905 3583 2225 3650; x_wconf 77' lang='lat' dir='ltr'><strong>volentem</strong></span> <span class='ocrx_word' id='word_1_302' title='bbox 2257 3607 2344 3650; x_wconf 90' lang='lat' dir='ltr'><strong>no</strong></span> <span class='ocrx_word' id='word_1_303' title='bbox 2368 3609 2485 3650; x_wconf 89' lang='lat' dir='ltr'><strong>en-</strong></span> 
     </span>
     <span class='ocr_line' id='line_1_39' title="bbox 101 3669 2481 3758; baseline 0.001 -23"><span class='ocrx_word' id='word_1_304' title='bbox 101 3687 324 3738; x_wconf 80' lang='lat' dir='ltr'><strong>temve</strong></span> <span class='ocrx_word' id='word_1_305' title='bbox 347 3672 672 3744; x_wconf 59' lang='lat' dir='ltr'><strong>adducat„</strong></span> <span class='ocrx_word' id='word_1_306' title='bbox 743 3670 1070 3736; x_wconf 87' lang='lat' dir='ltr'><strong>Vulcanus</strong></span> <span class='ocrx_word' id='word_1_307' title='bbox 1100 3669 2025 3758; x_wconf 86' lang='lat' dir='ltr'><strong>propter-consanguinitatem</strong></span> <span class='ocrx_word' id='word_1_308' title='bbox 2057 3687 2123 3735; x_wconf 89' lang='lat' dir='ltr'><strong>ct</strong></span> <span class='ocrx_word' id='word_1_309' title='bbox 2146 3670 2481 3757; x_wconf 83' lang='lat' dir='ltr'><strong>antiquam</strong></span> 
     </span>
     <span class='ocr_line' id='line_1_40' title="bbox 101 3756 2482 3843; baseline 0 -21"><span class='ocrx_word' id='word_1_310' title='bbox 101 3758 644 3824; x_wconf 86' lang='lat' dir='ltr'><strong>consuetudinem</strong></span> <span class='ocrx_word' id='word_1_311' title='bbox 692 3759 858 3823; x_wconf 90' lang='lat' dir='ltr'><strong>bene</strong></span> <span class='ocrx_word' id='word_1_312' title='bbox 918 3757 1186 3843; x_wconf 90' lang='lat' dir='ltr'><strong>quidem</strong></span> <span class='ocrx_word' id='word_1_313' title='bbox 1241 3756 1635 3821; x_wconf 89' lang='lat' dir='ltr'><strong>Prometheo</strong></span> <span class='ocrx_word' id='word_1_314' title='bbox 1695 3756 1909 3842; x_wconf 90' lang='lat' dir='ltr'><strong>cupit,</strong></span> <span class='ocrx_word' id='word_1_315' title='bbox 1973 3756 2240 3842; x_wconf 88' lang='lat' dir='ltr'><strong>ejusque</strong></span> <span class='ocrx_word' id='word_1_316' title='bbox 2298 3757 2482 3822; x_wconf 86' lang='lat' dir='ltr'><strong>malis</strong></span> 
     </span>
     <span class='ocr_line' id='line_1_41' title="bbox 99 3841 2482 3931; baseline -0 -21"><span class='ocrx_word' id='word_1_317' title='bbox 99 3845 386 3931; x_wconf 75' lang='lat' dir='ltr'><strong>graviter</strong></span> <span class='ocrx_word' id='word_1_318' title='bbox 430 3846 454 3909; x_wconf 87' lang='lat' dir='ltr'><strong>i</strong></span> <span class='ocrx_word' id='word_1_319' title='bbox 570 3891 591 3923; x_wconf 91' lang='lat'><strong>,</strong></span> <span class='ocrx_word' id='word_1_320' title='bbox 651 3843 705 3909; x_wconf 89' lang='lat' dir='ltr'><strong>si</strong></span> <span class='ocrx_word' id='word_1_321' title='bbox 757 3844 902 3929; x_wconf 89' lang='lat' dir='ltr'><strong>quis</strong></span> <span class='ocrx_word' id='word_1_322' title='bbox 952 3843 1136 3923; x_wconf 89' lang='lat' dir='ltr'><strong>alius,</strong></span> <span class='ocrx_word' id='word_1_323' title='bbox 1180 3841 1525 3908; x_wconf 84' lang='lat' dir='ltr'><strong>adficitur:</strong></span> <span class='ocrx_word' id='word_1_324' title='bbox 1592 3857 1844 3906; x_wconf 89' lang='lat' dir='ltr'><strong>tantum</strong></span> <span class='ocrx_word' id='word_1_325' title='bbox 1897 3858 2113 3907; x_wconf 90' lang='lat' dir='ltr'><strong>tamen</strong></span> <span class='ocrx_word' id='word_1_326' title='bbox 2168 3844 2352 3910; x_wconf 88' lang='lat' dir='ltr'><strong>abest</strong></span> <span class='ocrx_word' id='word_1_327' title='bbox 2409 3860 2482 3909; x_wconf 92' lang='lat' dir='ltr'><strong>ut</strong></span> 
     </span>
     <span class='ocr_line' id='line_1_42' title="bbox 99 3865 2482 4018; baseline -0.002 -20"><span class='ocrx_word' id='word_1_328' title='bbox 99 3931 161 3998; x_wconf 89' lang='lat' dir='ltr'><strong>ei</strong></span> <span class='ocrx_word' id='word_1_329' title='bbox 211 3952 408 4018; x_wconf 83' lang='lat' dir='ltr'><strong>opem</strong></span> <span class='ocrx_word' id='word_1_330' title='bbox 453 3865 625 3998; x_wconf 53' lang='lat' dir='ltr'><strong>me</strong></span> <span class='ocrx_word' id='word_1_331' title='bbox 667 3929 968 3996; x_wconf 85' lang='lat' dir='ltr'><strong>adversus</strong></span> <span class='ocrx_word' id='word_1_332' title='bbox 993 3929 1233 3995; x_wconf 84' lang='lat' dir='ltr'><strong>Jovem</strong></span> <span class='ocrx_word' id='word_1_333' title='bbox 1267 3927 1439 4005; x_wconf 84' lang='lat' dir='ltr'><strong>velit,</strong></span> <span class='ocrx_word' id='word_1_334' title='bbox 1484 3943 1558 3992; x_wconf 91' lang='lat' dir='ltr'><strong>ut</strong></span> <span class='ocrx_word' id='word_1_335' title='bbox 1585 3927 1806 4015; x_wconf 86' lang='lat' dir='ltr'><strong>potius</strong></span> <span class='ocrx_word' id='word_1_336' title='bbox 1831 3928 2201 3994; x_wconf 87' lang='lat' dir='ltr'><strong>necessitati</strong></span> <span class='ocrx_word' id='word_1_337' title='bbox 2230 3950 2482 4016; x_wconf 84' lang='lat' dir='ltr'><strong>parens,</strong></span> 
     </span>
     <span class='ocr_line' id='line_1_43' title="bbox 99 4012 2483 4104; baseline 0.001 -24"><span class='ocrx_word' id='word_1_338' title='bbox 99 4038 366 4103; x_wconf 73' lang='lat' dir='ltr'><strong>snaeque</strong></span> <span class='ocrx_word' id='word_1_339' title='bbox 413 4016 616 4104; x_wconf 80' lang='lat' dir='ltr'><strong>ipsius</strong></span> <span class='ocrx_word' id='word_1_340' title='bbox 662 4014 848 4080; x_wconf 90' lang='lat' dir='ltr'><strong>saluti</strong></span> <span class='ocrx_word' id='word_1_341' title='bbox 895 4014 1260 4094; x_wconf 84' lang='lat' dir='ltr'><strong>consulens,</strong></span> <span class='ocrx_word' id='word_1_342' title='bbox 1302 4014 1440 4102; x_wconf 86' lang='lat' dir='ltr'><strong>ipse</strong></span> <span class='ocrx_word' id='word_1_343' title='bbox 1485 4012 1874 4102; x_wconf 83' lang='lat' dir='ltr'><strong>supplicium</strong></span> <span class='ocrx_word' id='word_1_344' title='bbox 1904 4013 2237 4102; x_wconf 80' lang='lat' dir='ltr'><strong>puniendo</strong></span> <span class='ocrx_word' id='word_1_345' title='bbox 2266 4017 2483 4082; x_wconf 86' lang='lat' dir='ltr'><strong>amico</strong></span> 
     </span>
     <span class='ocr_line' id='line_1_44' title="bbox 99 4099 2484 4201; baseline 0.001 -35"><span class='ocrx_word' id='word_1_346' title='bbox 99 4126 141 4166; x_wconf 88' lang='lat' dir='ltr'><strong>a</strong></span> <span class='ocrx_word' id='word_1_347' title='bbox 187 4101 370 4169; x_wconf 80' lang='lat' dir='ltr'><strong>Jove</strong></span> <span class='ocrx_word' id='word_1_348' title='bbox 409 4103 856 4201; x_wconf 75' lang='lat' dir='ltr'><strong>excogitatum</strong></span> <span class='ocrx_word' id='word_1_349' title='bbox 906 4101 1036 4168; x_wconf 87' lang='lat' dir='ltr'><strong>suis</strong></span> <span class='ocrx_word' id='word_1_350' title='bbox 1097 4100 1336 4166; x_wconf 86' lang='lat' dir='ltr'><strong>viribus</strong></span> <span class='ocrx_word' id='word_1_351' title='bbox 1381 4122 1460 4166; x_wconf 82' lang='lat' dir='ltr'><strong>ac</strong></span> <span class='ocrx_word' id='word_1_352' title='bbox 1520 4099 1820 4174; x_wconf 87' lang='lat' dir='ltr'><strong>manibus</strong></span> <span class='ocrx_word' id='word_1_353' title='bbox 1876 4115 2284 4186; x_wconf 81' lang='lat' dir='ltr'><strong>exsequatur.</strong></span> <span class='ocrx_word' id='word_1_354' title='bbox 2402 4101 2484 4169; x_wconf 90' lang='lat' dir='ltr'><strong>In</strong></span> 
     </span>
     <span class='ocr_line' id='line_1_45' title="bbox 99 4185 2485 4272; baseline 0 -18"><span class='ocrx_word' id='word_1_355' title='bbox 99 4185 838 4256; x_wconf 68' lang='lat' dir='ltr'><strong>cnoro-Oceanitidem</strong></span> <span class='ocrx_word' id='word_1_356' title='bbox 889 4186 1246 4252; x_wconf 86' lang='lat' dir='ltr'><strong>naturalem</strong></span> <span class='ocrx_word' id='word_1_357' title='bbox 1300 4186 1569 4272; x_wconf 88' lang='lat' dir='ltr'><strong>quidem</strong></span> <span class='ocrx_word' id='word_1_358' title='bbox 1618 4207 1817 4250; x_wconf 81' lang='lat' dir='ltr'><strong>sexus</strong></span> <span class='ocrx_word' id='word_1_359' title='bbox 1860 4186 2194 4254; x_wconf 88' lang='lat' dir='ltr'><strong>muliebris</strong></span> <span class='ocrx_word' id='word_1_360' title='bbox 2239 4188 2485 4256; x_wconf 89' lang='lat' dir='ltr'><strong>timidi-</strong></span> 
     </span>
     <span class='ocr_line' id='line_1_46' title="bbox 99 4270 2483 4374; baseline 0 -35"><span class='ocrx_word' id='word_1_361' title='bbox 99 4286 302 4340; x_wconf 81' lang='lat' dir='ltr'><strong>tatem</strong></span> <span class='ocrx_word' id='word_1_362' title='bbox 348 4293 702 4374; x_wconf 70' lang='lat' dir='ltr'><strong>agnoscas:</strong></span> <span class='ocrx_word' id='word_1_363' title='bbox 749 4274 946 4343; x_wconf 79' lang='lat' dir='ltr'><strong>,idem</strong></span> <span class='ocrx_word' id='word_1_364' title='bbox 998 4288 1222 4338; x_wconf 87' lang='lat' dir='ltr'><strong>tamen</strong></span> <span class='ocrx_word' id='word_1_365' title='bbox 1265 4287 1334 4336; x_wconf 91' lang='lat' dir='ltr'><strong>et</strong></span> <span class='ocrx_word' id='word_1_366' title='bbox 1364 4270 1884 4337; x_wconf 85' lang='lat' dir='ltr'><strong>benevolentiam</strong></span> <span class='ocrx_word' id='word_1_367' title='bbox 1917 4273 1986 4338; x_wconf 91' lang='lat' dir='ltr'><strong>in</strong></span> <span class='ocrx_word' id='word_1_368' title='bbox 2017 4273 2483 4342; x_wconf 89' lang='lat' dir='ltr'><strong>Prometheum</strong></span> 
     </span>
     <span class='ocr_line' id='line_1_47' title="bbox 99 4355 2485 4447; baseline 0.001 -25"><span class='ocrx_word' id='word_1_369' title='bbox 99 4357 488 4428; x_wconf 63' lang='lat' dir='ltr'><strong>luculentius</strong></span> <span class='ocrx_word' id='word_1_370' title='bbox 537 4360 862 4442; x_wconf 76' lang='lat' dir='ltr'><strong>ostendit3</strong></span> <span class='ocrx_word' id='word_1_371' title='bbox 921 4373 992 4426; x_wconf 90' lang='lat' dir='ltr'><strong>et</strong></span> <span class='ocrx_word' id='word_1_372' title='bbox 1041 4373 1356 4445; x_wconf 89' lang='lat' dir='ltr'><strong>quantum</strong></span> <span class='ocrx_word' id='word_1_373' title='bbox 1402 4355 1590 4424; x_wconf 85' lang='lat' dir='ltr'><strong>Jovis</strong></span> <span class='ocrx_word' id='word_1_374' title='bbox 1648 4357 2099 4426; x_wconf 82' lang='lat' dir='ltr'><strong>crudelitatem</strong></span> <span class='ocrx_word' id='word_1_375' title='bbox 2151 4373 2219 4423; x_wconf 89' lang='lat' dir='ltr'><strong>et</strong></span> <span class='ocrx_word' id='word_1_376' title='bbox 2271 4359 2485 4447; x_wconf 87' lang='lat' dir='ltr'><strong>impo-</strong></span> 
     </span>
     <span class='ocr_line' id='line_1_48' title="bbox 101 4443 2487 4533; baseline 0.001 -23"><span class='ocrx_word' id='word_1_377' title='bbox 101 4448 376 4516; x_wconf 74' lang='lat' dir='ltr'><strong>tentiam.</strong></span> <span class='ocrx_word' id='word_1_378' title='bbox 451 4445 848 4527; x_wconf 67' lang='lat' dir='ltr'><strong>abhorreat,</strong></span> <span class='ocrx_word' id='word_1_379' title='bbox 892 4445 1168 4512; x_wconf 87' lang='lat' dir='ltr'><strong>subinde</strong></span> <span class='ocrx_word' id='word_1_380' title='bbox 1241 4444 1509 4524; x_wconf 87' lang='lat' dir='ltr'><strong>liberius</strong></span> <span class='ocrx_word' id='word_1_381' title='bbox 1586 4443 1852 4533; x_wconf 79' lang='lat' dir='ltr'><strong>prodit&#39;;</strong></span> <span class='ocrx_word' id='word_1_382' title='bbox 1922 4459 1991 4512; x_wconf 84' lang='lat' dir='ltr'><strong>et</strong></span> <span class='ocrx_word' id='word_1_383' title='bbox 2062 4446 2131 4510; x_wconf 87' lang='lat' dir='ltr'><strong>in</strong></span> <span class='ocrx_word' id='word_1_384' title='bbox 2190 4457 2487 4512; x_wconf 76' lang='lat' dir='ltr'><strong>extrema</strong></span> 
     </span>
     <span class='ocr_line' id='line_1_49' title="bbox 102 4527 2486 4621; baseline 0.001 -25"><span class='ocrx_word' id='word_1_385' title='bbox 102 4527 406 4602; x_wconf 82' lang='lat' dir='ltr'><strong>dramatis</strong></span> <span class='ocrx_word' id='word_1_386' title='bbox 461 4555 681 4616; x_wconf 80' lang='lat' dir='ltr'><strong>scena,</strong></span> <span class='ocrx_word' id='word_1_387' title='bbox 747 4553 1127 4621; x_wconf 74' lang='lat' dir='ltr'><strong>generosam</strong></span> <span class='ocrx_word' id='word_1_388' title='bbox 1187 4531 1389 4597; x_wconf 87' lang='lat' dir='ltr'><strong>animi</strong></span> <span class='ocrx_word' id='word_1_389' title='bbox 1450 4529 1755 4612; x_wconf 69' lang='lat' dir='ltr'><strong>indolem,</strong></span> <span class='ocrx_word' id='word_1_390' title='bbox 1798 4528 2049 4610; x_wconf 61' lang='lat' dir='ltr'><strong>illustri,</strong></span> <span class='ocrx_word' id='word_1_391' title='bbox 2070 4531 2486 4612; x_wconf 58' lang='lat' dir='ltr'><strong>,documento</strong></span> 
     </span>
    </p>

    <p class='ocr_par' dir='ltr' id='par_1_4' title="bbox 1209 4625 1484 4683">
     <span class='ocr_line' id='line_1_50' title="bbox 1209 4625 1484 4683; baseline -0.004 0"><span class='ocrx_word' id='word_1_392' title='bbox 1209 4637 1252 4683; x_wconf 69' lang='grc' dir='ltr'><strong>ι»</strong></span> <span class='ocrx_word' id='word_1_393' title='bbox 1290 4637 1328 4682; x_wconf 72' lang='grc' dir='ltr'><strong>ι’</strong></span> <span class='ocrx_word' id='word_1_394' title='bbox 1364 4637 1408 4682; x_wconf 72' lang='grc' dir='ltr'><strong>ι·</strong></span> <span class='ocrx_word' id='word_1_395' title='bbox 1436 4625 1484 4683; x_wconf 73' lang='lat'><em>2</em></span> 
     </span>
    </p>
   </div>
  </div>
 </body>
</html>
