2909 4884
427 319 714 389 NoTAE
757 320 1037 398 VARR.
1084 322 1198 408 ΕΤ
1240 322 1641 402 musar
1688 323 2267 418 Pathotou-G.
2397 337 2524 402 ποτ

99 481 536 550 eonoemnat.
625 476 798 578 Haec
837 477 1074 578 ‚igitur-
1097 479 1426 579 dicentem
1474 495 1541 548 et
1584 483 1987 583 cogitantem
2019 484 2241 554 subito
2265 482 2519 552 hiante·

101 577 300 626 terrm
351 561 588 663 fauces
634 582 997 665 excipiunt,
1059 567 1593 654 impavidumque
1631 569 1909 656 disjecti,
1955 570 2065 638 cui
2093 571 2328 638 affixus
2356 586 2516 668 erat,

100 645 378 733 scopuli
413 647 660 718 feriunt
689 673 922 728 rmuae..
1029 651 1355 726 Scaurz.

1214 880 1564 922 4...

365 1043 372 1048 '
451 1061 574 1134 ,ns
646 1062 1176 1127 TRAcOEmAE
1243 1065 1802 1130 PRoMETnm
1865 1069 2201 1131 vchr

699 1204 1095 1263 coNsrLzo
1141 1205 1261 1264 m·
1290 1204 1647 1262 anonam
1663 1206 1938 1265 ΤιοΝΕ.

187 1357 414 1450 CUM
465 1384 742 1486 primurn
798 1400 993 1472 poeta
1035 1386 1323 1448 animum
1349 1380 1437 1449 ‘ad
1472 1384 1879 1449 scribendam
1911 1382 2081 1448 hanc
2114 1384 2503 1468 tragoediam

103 1471 396 1557 appulit,
464 1472 530 1536 ld
579 1472 986 1560 potissimum
1040 1471 1269 1536 fecisse
1323 1471 1515 1535 nobis
1564 1471 1840 1550 videtur,
1884 1484 1960 1535 ut
2005 1454 2513 1537 Atheniensibus

104 1558 515 1622 acerrimum
592 1559 950 1644 tyrannidis
1027 1558 1247 1622 odium
1312 1557 1673 1644 inspiraret,
1748 1578 2099 1643 verumque
2172 1557 2509 1638 libertatis,

107 1664 240 1727 qua
327 1659 478 1708 tum
554 1645 840 1708 maxime
907 1644 1304 1720 fruebantur,
1380 1665 1690 1725 amorem,
1766 1644 1928 1707 tanti
1988 1642 2139 1707 mali
2198 1659 2379 1708 metu
2439 1646 2510 1711 in

105 1751 344 1794 eorum
401 1731 633 1794 animis
678 1732 993 1795 excitaret
1038 1731 1603 1817 confirmaretque.
1718 1729 1872 1802 Quo
1925 1730 2199 1795 consilio
2248 1730 2511 1814 Jovem,

110 1812 421 1886 Deorum
483 1837 724 1881 novum
785 1839 1028 1905 regem,
1095 1831 1439 1904 tyrannum
1514 1818 1967 1904 impotentem,
2010 1817 2229 1881 finxit
2286 1819 2511 1883 omnia

109 1922 230 1986 pro
309 1903 587 1972 arbitrio
658 1911 982 1991 agentem,
1044 1904 1197 1989 jura
1254 1904 1375 1967 sibi
1439 1904 1593 1968 data
1648 1919 2020 1990 negantem,
2094 1904 2317 1968 omnia
2373 1925 2509 1970 suae

106 1987 445 2073 majestati
516 2012 658 2055 arro
745 2006 947 2066 ntem,
1016 1988 1506 2068 inexorabilem,
1579 2010 1899 2077 asperum,
1972 2003 2042 2053 et
2116 1990 2181 2053 ia
2257 1992 2509 2057 amicos

110 2095 385 2162 quoque
436 2077 601 2140 bene
646 2011 744 2141 ἐξ
778 2099 844 2140 se
903 2077 1190 2154 meritos,
1258 2090 1604 2163 propterea
1661 2075 1839 2161 quod
1894 2089 2229 2163 suspectos
2280 2099 2509 2143 omnes

107 2157 379 2241 habeat,
429 2163 750 2252 ingratum
782 2177 977 2248 atque
1007 2162 1357 2229 crudelem.
1512 2183 1517 2192 ·

195 2245 279 2312 In
345 2248 745 2314 Prometheo
800 2271 954 2314 vero
1006 2249 1478 2337 spectatoribus
1537 2247 1949 2312 utilissimum
2009 2245 2295 2314 hominis
2355 2271 2506 2316 vere

109 2355 198 2420 po
251 2333 451 2400 ularis
527 2335 860 2424 exemplar
938 2336 1296 2422 proposuit,
1370 2356 1588 2420 quem,
1670 2348 1747 2397 ut
1815 2335 1907 2400 ait
1964 2333 2303 2416 Horatius,
2376 2351 2504 2402 mec

111 2357 328 2485 vuiius
411 2421 706 2487 instantis
781 2422 1059 2508 tyranni,
1134 2444 1257 2486 nec
1317 2422 1558 2486 civium
1635 2421 1827 2485 ardor
1882 2441 2081 2509 prava
2125 2420 2506 2507 jubentium

113 2523 339 2573 mente
404 2508 609 2572 solida
668 2510 960 2594 quatiat3
1027 2510 1135 2594 qui
1200 2522 1465 2596 propter
1524 2509 1778 2596 generis
1835 2507 2101 2571 humani
2162 2509 2502 2575 caritatem

113 2595 541 2686 praepotentis
611 2596 866 2682 tyranni
926 2594 1151 2659 odium
1215 2594 1540 2681 suscipere
1596 2593 1805 2658 nullus
1868 2594 2299 2672 dubitaverit-3
2368 2611 2504 2661 sus·

113 2695 384 2770 ceptum
439 2696 654 2745 autem
708 2680 965 2746 excelsa
1009 2681 1209 2745 animi
1261 2680 1715 2768 magnitudine
1762 2703 1839 2746 ac
1892 2682 2127 2745 robore
2171 2682 2504 2748 sustineat.

114 2759 349 2853 Itaque
400 2766 590 2853 hujus
644 2768 1009 2832 humanitas
1064 2789 1213 2832 cum
1267 2765 1454 2833 Jovis
1507 2766 1910 2848 crudelitate,
1959 2766 2128 2832 illius
2175 2790 2257 2833 cu
2311 2768 2502 2835 iditas

115 2871 264 2916 cum
333 2852 525 2944 hujus
584 2852 750 2920 bene
804 2854 886 2919 de
945 2854 1247 2919 omnibus
1299 2854 1590 2918 merendi
1650 2853 1911 2934 studim*
1949 2853 2115 2918 illius
2174 2787 2505 2921 effi-‚mnata

114 2933 362 3005 ferocia
412 2961 560 3004 cum
622 2939 814 3026 hujus
871 2941 1320 3007 moderatione
1378 2962 1454 3005 ac
1514 2939 1896 3004 fortitudine
1949 2938 2258 3039 praeclare
2315 2955 2503 3006 eom-

117 3038 394 3171 paratur.
483 3024 745 3115 Jupiter
796 3028 1164 3091 universum
1212 3026 1551 3090 hominum
1600 3045 1804 3112 genus
1846 3040 2230 3113 extinguere
2275 3028 2503 3107 voluit,

174 3111 569 3192 romethcus,
642 3115 935 3178 omniurn
1010 3113 1380 3179 mortalium
1464 3112 1610 3176 vitae
1690 3133 1773 3176 ac
1814 3111 2175 3176 ‘felicitatis
2248 3127 2498 3192 auctor,

119 3214 370 3282 parenS,
447 3200 626 3278 deus,
700 3199 974 3264 exstitit.
1123 3198 1548 3263 Prometheus
1606 3195 1793 3263 Jovls
1852 3198 1930 3261 ad
1994 3215 2267 3286 regnum
2328 3200 2503 3264 obti-

117 3281 405 3349 nendum
460 3284 720 3371 adjutor
760 3286 1011 3350 fuerat:
1071 3285 1333 3373 Jupiter
1386 3283 1872 3362 Prometheum,
1913 3284 2258 3349 immemor
2302 3285 2501 3351 bene·

118 3363 272 3448 ficii,
319 3393 442 3436 nec
487 3371 682 3436 ullam
737 3369 926 3436 aliam
982 3373 1068 3436 ob
1118 3392 1401 3450 causam,
1467 3370 1587 3434 nisi
1636 3371 1813 3456 quod
1862 3389 2037 3450 eum,
2084 3371 2173 3435 ob
2224 3371 2499 3437 nimiam

119 3449 384 3522 humani
434 3459 689 3546 generis
737 3459 1096 3537 caritatem,
1163 3475 1535 3546 suspectum
1582 3456 1872 3536 haberet,
1936 3457 2226 3545 indignis
2282 3458 2499 3524 modis

117 3557 332 3623 vexat,
393 3545 950 3632 acerbissimisque
1043 3546 1212 3609 oenis
1263 3543 1517 3631 affligit.
1624 3542 1884 3631 Jupiter
1928 3543 1993 3607 in
2046 3565 2302 3609 summo
2355 3544 2501 3645 dig-

118 3625 335 3692 nitatis
381 3646 444 3695 et
499 3631 752 3719 imperii
809 3632 1000 3719 fastig
1028 3653 1068 3696 o
1115 3631 1503 3696 constitutus
1553 3635 1777 3695 omnia
1826 3628 2139 3695 libertatis
2174 3629 2329 3715 jura
2374 3631 2500 3697 dits

119 3713 460 3801 eripuerat,
551 3718 925 3804 aequitatem
1009 3739 1087 3782 ac
1179 3715 1490 3782 'ustitiam
1579 3715 1974 3805 negligebat,
2063 3716 2496 3781 sanctissimas

120 3801 717 3889 antiquissimasque
796 3802 970 3892 leges
1046 3737 1319 3894 pedibus
1386 3804 1857 3868 conculcabat:
1930 3802 2355 3867 Prometheus
2410 3823 2496 3868 ne

122 3903 364 3953 summa
413 3888 679 3980 quidem
727 3889 985 3955 miseria
1030 3890 1123 3954 sic
1171 3890 1528 3968 induratur,
1574 3904 1647 3953 ut
1677 3889 2039 3976 ingenitum
2074 3887 2495 3956 humanitatis

124 3989 370 4039 sensum
452 3997 537 4040 ex
607 3975 826 4040 animo
896 3976 1174 4055 amittat,
1237 3997 1368 4040 non
1428 3975 1725 4041 irascitur
1783 3974 2155 4039 hominibus
2215 3997 2493 4060 quorum

123 4075 380 4148 propter
426 4083 714 4127 amorem
768 4073 948 4127 tanta
977 4084 1045 4127 se
1077 4059 1444 4126 calamitate
1475 4082 1852 4151 oppressum
1884 4061 2102 4139 videtg
2148 4081 2277 4126 non
2308 4062 2497 4127 exuit

125 4144 450 4288 pristinam
532 4148 780 4213 miseris
862 4150 1274 4214 succurrendi
1355 4147 1796 4226 voluntatem3
1869 4159 1938 4211 et
1995 4167 2364 4233 quanquam
2427 4169 2497 4213 se

147 4235 443 4298 mmensis
513 4233 830 4299 malorum
917 4236 1222 4300 fluctibus
1283 4255 1562 4299 mersum
1625 4234 1824 4311 videt,
1899 4233 2073 4297 idem
2150 4247 2367 4299 tamen
2427 4253 2498 4299 se

126 4335 309 4400 quam
358 4320 667 4409 plurimos
707 4319 1026 4387 malorum
1076 4322 1286 4385 socios
1338 4333 1564 4407 optare
1609 4319 1890 4385 candide
1939 4333 2159 4408 negat'.
2254 4319 2491 4385 Jovem

128 4417 203 4463 ne
259 4428 508 4470 summa
569 4407 832 4493 quidem
893 4408 1188 4496 potentia
1245 4429 1286 4470 a
1341 4408 1578 4472 timore
1634 4406 1890 4485 liberat,
1944 4407 2010 4470 id
2072 4405 2250 4492 quod
2318 4403 2496 4474 haud

71 4557 82 4564 ,
128 4485 392 4558 obscuro
450 4491 699 4560 indicio
767 4495 1008 4581 prodit,
1075 4514 1226 4560 cum
1282 4493 1596 4562 vaticinio
1667 4492 2042 4559 Promethei
2119 4492 2493 4581 perterritus

1195 4578 1399 4646 Pu·
