2909 4884
386 360 499 426 142
902 331 1586 408 PRoME‘rH.
1676 331 2307 401 V1NcTus.

720 489 943 555 Oculis
967 487 1304 554 observans
1326 511 1571 578 gressus
1602 511 1796 554 meos.
2661 489 2782 559 680

720 590 1136 675 Inopinatum
1168 602 1379 654 autem
1413 612 1561 654 eum
1586 600 1648 653 et
1673 589 2070 674 repentinum
2094 589 2292 660 fatum

723 692 870 755 Vita
905 690 1195 777 privavit:
1243 712 1362 777 ego
1392 712 1540 755 vero
1563 700 1752 755 oestro
1785 689 2014 776 percita

718 789 951 877 Flagro
977 790 1187 854 divino
1211 790 1291 852 de
1319 803 1477 853 terra
1503 790 1568 853 in
1591 800 1819 856 terram
1843 790 2057 876 agitor.

720 891 930 958 Audis
953 912 1093 976 quae
1117 892 1253 954 acta
1273 903 1435 964 sunt,
1467 889 1514 953 si
1545 900 1755 954 autern
1781 888 2011 952 habeas
2032 888 2237 953 dicere
2260 888 2410 975 quid

725 990 829 1054 De
851 990 1029 1054 malis
1052 989 1367 1073 reliquum
1388 992 1486 1064 sit,
1504 989 1763 1065 indices,
1779 1011 1894 1053 nec
1914 1012 2017 1052 me
2034 991 2217 1075 cujus
2236 1011 2303 1053 es
2323 990 2619 1063 misertus
2661 992 2778 1075 685

630 1139 673 1168 „
726 1088 1106 1154 Demulceas
1137 1088 1339 1152 verbis
1373 1088 1723 1154 fallacibus.·
1819 1088 1994 1152 Nam
2029 1089 2206 1154 luem

632 1240 677 1270 ,‚
727 1189 1192 1277 Turpissimam
1216 1189 1438 1276 judico
1469 1190 1815 1253 orationem
1847 1189 2282 1274 compositam.

1212 1342 1934 1410 SYSTEMA.

375 1523 572 1574 cnon.
715 1494 934 1568 Mitte,
983 1492 1193 1558 mitte:
1244 1490 1488 1565 desiste,
1538 1486 1663 1552 heu
1689 1510 1705 1551 z

719 1595 1082 1675 Nunquam
1112 1610 1440 1675 nunquam
1465 1589 1730 1673 optarim
1750 1599 1880 1651 tam
1906 1587 2219 1658 insolitam
2238 1589 2590 1653 orationem

888 1689 1213 1776 pervenire

714 1787 830 1853 Ad
853 1809 1029 1852 aures
1055 1810 1242 1862 meas,
1294 1809 1506 1871 neque
1537 1787 1618 1851 ita
1650 1787 1840 1852 tristia
1871 1788 2010 1854 visu
2662 1794 2783 1874 690

715 1886 801 1953 Et
822 1885 1236 1962 intolerabilia
1264 1885 1515 1961 damna,
1563 1886 1827 1973 piacula,
1874 1888 2160 1958 terricula
2189 1890 2440 1977 ancipiti

716 1985 997 2049 Stimulo
1027 1984 1384 2073 refrigerare
1415 1986 1700 2051 animum
1731 2008 1968 2054 meum.

720 2087 875 2152 Heu
908 2086 1054 2162 heu,
1102 2086 1320 2162 satum,
1359 2085 1581 2162 fatum,

720 2185 1011 2260 Inhorrui
1042 2208 1193 2250 cum
1222 2185 1574 2273 aspexerim
1607 2188 1930 2274 negotium
1965 2187 2096 2256 Ius.

1334 2338 1815 2408 IAMBI.

378 2517 584 2566 rnoM.
715 2489 893 2552 Ante
924 2484 1294 2572 ingemisciS,
1344 2495 1405 2547 ct
1436 2494 1666 2552 terrore
1702 2482 1888 2569 plena
1921 2505 2006 2559 eS,
2660 2490 2779 2575 695

626 2651 633 2656 ,
715 2587 962 2650 Cohibe
992 2597 1067 2661 te,
1115 2585 1316 2648 donec
1352 2582 1588 2669 reliqua
1619 2583 1805 2646 etiam
1838 2584 2137 2649 addiscas.

375 2712 587 2759 cnon.
634 2735 680 2765 „
718 2686 929 2761 Dicas,
966 2683 1256 2747 edoceas:
1309 2704 1460 2746 nam
1490 2684 1931 2770 aegrotantibus
1961 2685 2147 2752 dulce
2179 2698 2272 2750 est

642 2834 686 2864 ‚,
719 2785 905 2849 Clare
937 2785 1005 2848 in
1039 2797 1421 2847 antecessum
1454 2805 1634 2847 nosse
1668 2784 1815 2848 mali
1845 2785 2180 2852 residuum.

375 2912 580 2957 raom.
713 2884 993 2950 Priorem
1028 2883 1395 2969 petitionem
1418 2882 1770 2946 obtinuistis
1793 2907 1827 2946 a
1850 2905 1952 2948 me

718 2982 976 3058 Facile3
1013 2983 1288 3068 primum
1322 2981 1495 3045 enim
1530 2980 1690 3045 hanc
1721 2982 1937 3046 audire
1969 2983 2254 3048 voluistis
2661 3007 2778 3070 700

715 3083 825 3149 Ad
862 3106 926 3147 se
960 3083 1337 3169 pertinentes
1370 3102 1682 3144 aerumnas
1714 3080 2162 3158 declarantem,

710 3184 983 3269 Reliqua
1015 3204 1189 3246 nunc
1220 3180 1496 3267 accipite,
1546 3179 1764 3264 qualia
1794 3193 2044 3267 oportet
2075 3180 2238 3247 mala

716 3284 783 3349 A
814 3283 853 3347 J
862 3305 1072 3348 unone
1106 3281 1265 3345 hanc
1288 3281 1702 3367 juvenculam
1733 3284 1882 3366 pati.

718 3382 826 3447 Tu
850 3403 997 3445 vero
1021 3379 1237 3447 Inachi
1260 3379 1604 3443 seminium
1626 3380 1816 3448 verba
1841 3403 1980 3454 mea

716 3480 960 3546 Animo
982 3479 1208 3554 conde,
1236 3492 1306 3542 ut
1332 3479 1534 3543 exitus
1557 3479 1790 3544 ediscas
1814 3482 2071 3548 itineris.
2657 3502 2773 3570 705

720 3580 1001 3644 Primum
1027 3578 1281 3667 quidem
1308 3578 1452 3641 hinc
1477 3578 1553 3642 ad
1579 3591 1869 3644 exortum
1892 3581 2038 3648 solis

712 3678 1036 3743 Conversa
1064 3677 1256 3740 transi
1288 3676 1518 3740 inarata
1536 3678 1692 3765 juga
1719 3703 1734 3742 ε

717 3776 1007 3842 Accedes
1028 3797 1177 3839 vero
1199 3775 1277 3839 ad
1305 3774 1566 3862 Scythas
1595 3776 1942 3858 Nomadas,
1969 3785 2074 3870 qui
2096 3807 2263 3850 casas
2281 3786 2485 3852 vitiles

718 3875 1023 3940 Incolunt
1051 3874 1356 3939 sublimes
1386 3898 1577 3961 super
1602 3880 1886 3945 rotundis
1916 3884 2223 3962 curribus,

717 3974 1016 4038 Arcubus
1041 3974 1679 4061 longe-jaculantibus
1701 3979 2021 4047 instructi:
2653 4004 2772 4071 710

718 4074 974 4159 Quibus
999 4098 1078 4139 ne
1104 4076 1513 4161 propinqueS‚
1535 4078 1640 4141 sed
1679 4079 1870 4165 pedes
1892 4081 1968 4146 ad
1990 4082 2317 4154 fluctisona

718 4173 979 4262 Tesqua
1012 4174 1332 4238 declinans
1363 4185 1588 4240 terram
1620 4189 2025 4263 pertranseas·

716 4274 827 4362 Ad
863 4275 1172 4364 sinistram
1198 4287 1409 4336 autem
1435 4298 1694 4340 manum
1723 4278 1884 4344 fabri
1911 4282 2142 4348 ferrarii

628 4455 637 4464 ἡ
718 4375 1039 4461 Chalybes
1071 4373 1375 4447 habitant,
1405 4395 1437 4436 a
1466 4374 1701 4457 quibus
1721 4392 1967 4464 oportet
1987 4394 2049 4445 te
2072 4405 2307 4448 cavere.

722 4471 885 4540 Sunt
915 4472 1080 4542 enirn
1112 4472 1381 4535 immites
1405 4482 1469 4535 et
1491 4473 1790 4540 inaccessi
1813 4482 2179 4568 peregrinis.
2655 4501 2766 4570 715
