2909 4884
392 333 481 403 9¹
660 320 839 395 ..m
887 321 1373 395 PROMETH.
1418 320 1724 399 vthr.
1771 322 2046 399 VARR.
2095 319 2404 401 LEGI'L
2451 392 2458 401 .

394 498 512 545 tex
543 500 785 558 versus,
811 480 920 566 qui
954 479 1021 545 in
1043 480 1201 547 edit.
1222 478 1591 546 Stanleiana
1623 476 1922 566 Epodum
1947 479 2371 556 constituunt,
2391 477 2488 544 sic
2510 475 2778 545 motitur

397 566 495 629 vir
525 563 605 631 cl.
663 575 716 631 l.
750 565 957 631 Iamb.
986 567 1143 631 dim.
1172 583 1338 631 acat.
1413 574 1478 630 2.
1510 565 1877 652 Asynartet.
1920 586 2003 629 ex
2036 565 2287 630 duobus
2321 564 2776 653 Hepthemim.

398 651 609 739 troch.
652 673 805 717 nam
833 652 1143 718 Periodus
1164 676 1203 716 a
1240 650 1618 719 Ditrochaeo
1647 651 1964 739 incipiens
1993 667 2062 719 et
2082 673 2166 716 ex
2189 650 2435 723 lambis
2511 665 2778 725 interea

395 753 698 802 constans
744 736 851 803 hic
882 739 1094 802 minus
1135 738 1369 826 placet.
1454 746 1517 805 3.
1561 736 1931 823 Asynartet.
1960 760 2040 802 ex
2072 737 2426 827 Hepthem.
2487 737 2663 801 amb.
2703 752 2777 803 et

397 818 467 889 H
557 820 646 889 th.
680 824 893 909 troch.
980 834 1047 890 4.
1080 822 1288 889 lamb.
1320 838 1433 889 aut
1459 822 1700 888 Troch.
1726 825 1862 890 dim
1891 823 1933 889 h
1984 846 2154 912 perc.
2237 832 2300 891 5.
2329 823 2571 901 Troch.
2599 823 2774 888 trim.

392 842 697 997 brighye.
789 910 855 975 6.
909 908 1277 998 Asynartet.
1314 932 1398 975 ex
1441 908 1684 975 Troch.
1729 846 1994 998 Ιῐὴγρζ.
2039 926 2108 974 et
2155 906 2360 977 lamb.
2393 909 2621 996 hepth.
2672 907 2778 975 vel

390 991 761 1063 ex'Troch.
797 996 1023 1085 heptb.
1067 1013 1135 1062 et
1168 992 1423 1063 Troch..
1454 994 1720 1083 lthyph.
1808 996 1878 1060 Si
1927 995 1986 1060 le
2032 1013 2245 1065 eretur
2295 1004 2459 1065 Μῧτίι
2514 998 2566 1075 γ’
2609 994 2782 1061 Tro-

391 1078 656 1147 chaicus
706 1082 917 1151 exiret
952 1080 1236 1148 Tetram.
1268 1080 1574 1170 brachyc.
1659 1082 1808 1169 Ego
1852 1082 1987 1146 nihi
2050 1098 2256 1149 mutu.
2343 1082 2516 1151 Haec
2546 1080 2778 1151 Pauw.

391 1162 531 1233 Nos
560 1164 774 1234 locum
809 1169 1139 1234 restituere
1166 1171 1553 1235 conabimur
1586 1169 1665 1234 ad
1698 1182 1758 1244 r.
1780 1177 1930 1242 905.

472 1266 534 1330 γ.
566 1260 714 1330 889.
782 1269 1170 1320 Αριετεγει.
1270 1258 1533 1341 'Aga-1612
1591 1254 1874 1351 Guelph.
1928 1252 2078 1325 Ald.
2199 1248 2346 1327 Hos
2400 1276 2618 1325 versus
2677 1250 2780 1319 sic

390 1341 647 1407 ordinat
678 1339 1022 1421 Heathius‚

983 1430 1078 1497 ‘sse
1120 1428 1177 1491 τὸ
1220 1430 1476 1517 nudabunt,
1494 1430 1616 1492 καθ’
1641 1438 1764 1491 ἰαυ-

981 1520 1061 1579 ‘rb
1103 1524 1312 1597 ἆςιῗιῦιι
1355 1520 1542 1599 paug?

374 1618 577 1686 quem
624 1614 976 1689 sequuntur
1023 1600 1308 1666 Brunck.
1354 1600 1621 1665 Schutz.
1648 1607 1703 1663 l.
2113 1664 2120 1675 ,
2485 1662 2494 1681 ,

467 1697 529 1761 γ.
561 1694 708 1758 891.
775 1700 1033 1751 remu.
1142 1698 1267 1753 rim
1321 1685 1514 1751 Cant.
1539 1696 1603 1752 2.
1709 1682 1868 1751 Post
1916 1693 2079 1768 '‘Q‘’
2135 1713 2196 1760 'rt
2253 1704 2438 1751 suum
2498 1681 2780 1753 infercit

385 1770 729 1851 Heathius‚
792 1772 1063 1836 omnino
1117 1788 1517 1859 repugnante
1582 1772 1821 1859 linguae
1879 1771 2078 1857 ipsius
2129 1770 2367 1848 indole,
2437 1784 2510 1833 ut
2555 1769 2782 1837 faciat

381 1857 748 1944 Asynartet.
808 1878 895 1925 ex
944 1856 1176 1922 Penth.
1210 1858 1419 1923 trocb.
1470 1872 1539 1924 et
1586 1857 2017 1934 DochmiacO,
2063 1856 2174 1941 qui
2225 1880 2308 1923 ne
2350 1856 2445 1920 sic
2491 1858 2778 1943 quidem

384 1943 773 2010 antithetico
800 1945 1170 2033 respondet.
1262 1942 1347 2009 Et
1374 1968 1563 2009 sanus
1591 1958 1710 2022 est,
1741 1943 1953 2029 ,siquis
1981 1942 2162 2023 alius,
2209 1942 2316 2009 hic
2350 1962 2584 2007 versus-

467 2028 639 2095 Ibid.
716 2046 1371 2095 MerAArNomchN.
1485 2034 1621 2107 Μὴ)
1664 2039 2009 2109 olympi-m
2077 2043 2178 2099 ut,
2206 2028 2595 2099 antithetico
2673 2053 2785 2095 re·-

378 2115 715 2266 spondegtt,
760 2116 1025 2182 Arnald.
1055 2117 1402 2183 Animadv.
1430 2116 1596 2183 Crit.
1640 2139 1702 2182 c.
1735 2122 1840 2183 32.
1942 2114 2086 2203 Ego
2130 2116 2290 2202 quid
2332 2114 2458 2179 hoc
2503 2115 2781 2183 intersit

378 2222 516 2267 non
545 2225 606 2266 vi
656 2224 758 2268 eo.

466 2300 527 2365 γ.
552 2296 700 2363 892.
744 2303 963 2356 ΟΝΤΑ.
1054 2287 1256 2354 Deest
1284 2286 1570 2376 Guelph.

470 2373 641 2440 Ibid.
675 2389 950 2442 ΓΑΜΩΝ.
1002 2375 1346 2440 Uncinulis
1368 2374 1714 2439 includitur
1734 2386 2038 2459 tanquam
2062 2374 2345 2460 spurium
2366 2371 2779 2453 aSchutzio,

375 2461 495 2546 qui
526 2460 821 2526 ultimum
853 2465 1119 2528 verbum
1152 2484 1365 2526 versus
1397 2459 1863 2546 Antistrophici
1889 2475 2109 2546 aperte
2140 2461 2422 2546 spurium
2451 2481 2593 2525 esse
2629 2463 2776 2529 ait:

384 2548 569 2611 abest
611 2548 806 2612 etiam
858 2571 898 2612 a
945 2548 1127 2614 Pors.
1171 2548 1354 2634 cujus
1402 2562 1588 2612 tanta
1632 2561 1730 2608 est
1780 2545 2128 2611 auctoritas
2159 2560 2232 2611 ut
2261 2548 2345 2610 ab
2381 2567 2462 2611 eo
2494 2546 2612 2611 vix
2649 2569 2779 2613 un-

383 2654 578 2718 quam
610 2646 753 2697 tuto
800 2633 1184 2700 discesseris,
1269 2638 1425 2699 Πὸιωι
1454 2649 1668 2697 tamen
1701 2654 1741 2695 a
1769 2631 1943 2699 nullo
1973 2632 2203 2697 codice
2231 2636 2450 2698 abesse
2479 2635 2778 2718 reperio,

385 2738 452 2783 et
479 2724 651 2796 γάμων
697 2718 807 2784 hic
854 2742 1107 2785 sensnm
1158 2721 1326 2807 parit
1355 2721 1699 2809 optimum,
1749 2718 1905 2805 quin
1935 2730 2003 2781 et
2030 2718 2096 2783 in
2127 2716 2551 2806 Antistropha.
2581 2718 2776 2785 haud

384 2805 653 2869 omnino
700 2806 981 2870 otiosum
1025 2823 1124 2870 est
1166 2816 1343 2885 φόνων,
1401 2828 1554 2870 nam
1588 2810 1751 2886 “ng
1794 2809 2033 2871 ἁλάτιιαι
2081 2803 2442 2902 significare
2487 2824 2784 2891 possunt

382 2912 617 2954 errores
645 2890 832 2976 ipsius
861 2892 920 2958 J
918 2892 1156 2973 anonis,
1198 2896 1439 2955 ἀλάτιιαι
1475 2900 1629 2955 σόων
1661 2893 1824 2972 Ἥρας
1869 2905 2087 2977 aperte
2117 2890 2484 2977 mgnificant
2513 2889 2780 2967 labora

382 2975 762 3042 errabundos
789 2979 872 3043 ab
904 2979 1160 3045 Junone
1202 2978 1509 3042 immissos.
1599 2975 1728 3041 Sed
1757 2976 1916 3041 nibil
1947 2975 2421 3055 affirmaverim,
2449 2975 2778 3061 judicent

378 3062 674 3128 lectoreS.
765 3064 1057 3130 Mettum
1117 3064 1216 3130 vel
1274 3065 1495 3132 recisis
1555 3063 1652 3127 vel
1708 3063 1972 3127 servatis
2022 3062 2289 3129 vocibus
2343 3071 2637 3145 ἔσυχςόωις,
2687 3067 2777 3130 ab

382 3165 651 3235 utraque
699 3166 880 3238 parte
917 3152 1161 3216 salvum
1208 3165 1329 3216 est.
1415 3149 1497 3214 In
1543 3149 1703 3214 edit.
1732 3158 1796 3214 2.
1841 3148 2104 3217 Schutz.
2131 3152 2327 3226 γάμων,
2372 3149 2546 3234 quod
2579 3152 2777 3236 prius

382 3235 701 3300 uncinulis
734 3237 1096 3318 incluserat,
1146 3237 1506 3303 Por-sonum
1537 3236 1845 3311 imitatus,
1876 3256 1913 3297 e
1943 3250 2126 3301 textu
2154 3234 2463 3299 eliminat.

262 3354 267 3359 ·
469 3334 529 3397 γ.
557 3329 705 3395 893.
786 3339 1086 3388 Murio-ra
1151 3339 1451 3388 MHnoTE
1528 3324 1602 3385 Μ·
1643 3337 1711 3385 n.
1829 3319 2116 3386 Alterum
2175 3325 2370 3398 μῆποτι
2427 3321 2619 3386 abest
2685 3325 2775 3390 ab

378 3407 534 3471 Ask.
558 3408 639 3472 A.
690 3408 799 3473 Ar.
846 3407 1034 3473 Colb.
1068 3420 1120 3475 l.
1210 3411 1472 3477 Μέπὲὖ
1499 3408 1660 3473 Ask.
1682 3407 1762 3471 B.
1780 3405 1860 3472 C.
1902 3406 2094 3473 Cant.
2131 3416 2182 3470 l.
2211 3415 2275 3470 2.

464 3502 523 3558 xi.
559 3502 707 3566 894.
760 3510 1042 3560 ΜΟΙΡΑΙ.
1138 3494 1541 3562 Exciderunt
1585 3494 1652 3558 h.
1681 3493 1724 3559 l.
1777 3507 2052 3579 quatuor
2099 3491 2380 3579 syllabae,
2430 3493 2610 3579 quod
2674 3496 2776 3560 vi·

380 3579 612 3644 derunt
641 3583 1029 3646 recentiores
1059 3583 1241 3647 editt.
1275 3597 1403 3646 tres
1438 3597 1653 3646 tamen
1687 3580 1910 3666 reponi
1929 3578 2124 3663 jubet
2155 3577 2414 3644 Morell.
2459 3598 2776 3668 repeten-

373 3665 529 3730 dum
559 3666 693 3730 scil.
727 3669 764 3729 ὖ
790 3679 997 3748 Mergus,
1040 3669 1217 3754 quod
1249 3667 1491 3733 nemini
1525 3667 1692 3731 forte
1725 3667 2122 3753 probabitur.

462 3761 684 3828 y.895.
728 3770 1010 3818 ΛΕΧΕΩΝ
1043 3769 1230 3820 ΔΙΟΣ.
1296 3766 1490 3836 Anxia·
1511 3754 1692 3817 abest
1713 3754 1797 3817 ab
1815 3751 1970 3816 Ask.
1987 3750 2072 3816 D.
2139 3754 2354 3824 Achab
2375 3750 2526 3816 Ald.
2552 3749 2774 3818 Turn.

466 3838 638 3903 Ibid.
682 3856 993 3905 ιΔοιΣΘΕ.
1066 3844 1256 3905 ”it-001
1288 3839 1557 3904 Cant.l.
1603 3837 1850 3903 ναις.

464 3924 643 3989 Ibid.·
682 3940 1074 3992 ΠΕΛΟΥΣΑΝ.
1165 3933 1393 4011 netum
1424 3923 1684 3993 Ask.D.

463 4023 522 4080 γ.
548 4012 698 4084 896.
741 4028 1191 4077 ΠΛΛΣΘΕιΗΝ.
1275 4019 1527 4080 natantia·
1558 4010 1747 4077 Med.
1789 4010 1902 4076 sed
1931 4008 2433 4098 suprascriptum
2463 4041 2522 4075 σ.
2603 4026 2770 4075 uza-

379 4101 497 4164 Οιίηυ
526 4096 677 4160 item
716 4096 998 4164 Brunck.
1046 4099 1226 4163 Pors.

466 4182 637 4246 Ibid.
680 4200 1004 4248 ιἋΜΕτ-Αι.
1106 4188 1187 4249 'En
1228 4194 1439 4269 γαμέτᾳ
1484 4183 1677 4249 Cant.
1705 4190 1760 4247 1.
1805 4181 2089 4271 Guelph.
2135 4179 2284 4245 Ald.
2331 4180 2508 4247 Rob.
2552 4178 2762 4247 Turn.

381 4267 607 4354 Steph.
698 4290 780 4332 ua
820 4269 1097 4335 lectione
1132 4272 1361 4335 mirum
1403 4286 1718 4358 quantum
1749 4269 2104 4335 delectatur
2137 4267 2351 4333 Pauw.
2397 4281 2474 4333 ut
2499 4288 2764 4335 versum

379 4355 623 4423 efficiat
749 4354 942 4441 actyl.
994 4355 1251 4420 hexam.
1300 4375 1467 4422 acat.
1544 4379 1693 4421 cum
1757 4354 2202 4443 amphimacro
2262 4356 2327 4418 in
2387 4352 2762 4506 grincipio!

378 4440 522 4505 Hos
554 4460 768 4591 veirsus
795 4441 890 4505 sic
936 4442 1236 4507 ordinant
1266 4441 1510 4509 Heath.
1559 4442 1844 4508 Brunck.
1891 4441 2157 4508 Schutz.
2184 4451 2241 4508 l.
2283 4456 2360 4507 ut
2439 4438 2763 4528 trophicis
2805 4528 2812 4537 ⁸

373 4548 604 4615 respon
654 4542 826 4605 eant,
