2909 4884
775 353 1760 423 FRAGMENTA.
2389 374 2472 439 45

1195 509 1361 577 XII.

199 637 424 704 Crctno
458 637 636 703 Tusc.
672 637 857 728 Disp.
894 635 986 702 11.
1041 658 1138 703 10.
1198 638 1429 704 Veniat
1477 637 1823 727 AEschylus
1863 662 1993 704 non
2042 648 2228 726 poeta
2257 635 2482 711 solum,

142 738 219 802 sed
243 738 408 804 etiam
438 737 907 827 Pythagoreus3
955 737 1041 801 sic
1082 739 1258 802 enim
1299 738 1678 826 accepimus.
1768 740 1916 824 Quo
1948 740 2141 804 modo
2171 740 2290 804 fert
2318 738 2486 828 apud

141 860 252 901 eum
278 838 678 904 Prometheus
708 836 992 902 dolorem
1022 860 1220 923 quem
1250 841 1480 927 excipit
1505 839 1591 906 ob
1624 840 1862 905 furtum
1898 840 2262 918 Lemnium,

428 965 626 1032 Unde
655 964 871 1053 ignem
902 965 1074 1030 cluet
1104 967 1477 1033 mortalibus

430 1065 623 1130 Clam
662 1065 868 1141 Divis,
916 1065 1132 1130 doctu*
1170 1067 1592 1132 Prometheus

432 1163 753 1250 Clepsisse
784 1163 953 1241 dole,
1008 1188 1355 1254 poenasque
1385 1169 1533 1253 J0vi

436 1263 598 1329 Fato
629 1263 1002 1353 expendisse
1033 1289 1351 1352 supremo,

148 1387 256 1456 Has
281 1391 464 1480 igitur
493 1415 714 1480 poenas
743 1393 1051 1479 pendens,
1097 1394 1318 1460 affixus
1351 1397 1428 1461 ad
1464 1395 1820 1463 Caucasum
1851 1396 1986 1461 haec
2019 1397 2188 1473 dicit,

444 1519 761 1585 Titanum
793 1519 1060 1598 soboleS,
1107 1521 1267 1586 socia
1302 1524 1498 1588 nostri
1538 1525 1877 1612 sanguinis,

440 1619 763 1684 Generata
794 1618 1000 1695 Coelo,
1049 1620 1345 1707 adspicite
1379 1624 1713 1712 religatum
1745 1626 1973 1712 asperis

446 1718 884 1804 Vinctumque
915 1721 1095 1797 saxis,
1131 1744 1356 1787 navem
1386 1735 1462 1788 ut
1488 1724 1811 1790 horrisono
1839 1726 1999 1792 freto

452 1815 739 1882 Noctem
769 1829 1070 1906 paventes
1098 1820 1305 1885 timidi
1335 1821 1681 1889 adnectunt
1713 1825 1956 1890 navitae.

457 1918 784 1983 Saturnius
816 1942 919 1983 me
951 1919 1039 1984 sic
1067 1920 1272 1986 infixit
1302 1923 1576 2010 Jupiter,

447 2019 756 2105 Jovisque
790 2043 1028 2084 numen
1064 2019 1416 2086 Mulciberi
1451 2023 1714 2088 adscivit
1743 2047 1991 2089 manus.

452 2120 587 2184 Hos
618 2119 728 2183 ille
761 2142 995 2185 cuneos
1028 2119 1261 2185 fabrici
1293 2122 1536 2186 crudeli
1569 2124 1872 2198 inserens,

459 2221 753 2309 Perrupit
784 2234 985 2294 artus;
1031 2245 1159 2307 qua
1193 2221 1384 2287 miser
1414 2223 1657 2287 solertia

464 2319 1037 2386 Transverberatus
1071 2334 1337 2387 castrum
1370 2322 1492 2387 hoc
1526 2321 1866 2387 Furiarum
1896 2323 2125 2387 incolO.

458 2421 603 2504 jam
633 2421 814 2486 tertio
838 2445 942 2487 me
974 2444 1231 2510 quoque
1264 2422 1517 2488 funesto
1548 2422 1670 2498 die,

464 2521 662 2586 Tristi
691 2522 1008 2602 advolatu,
1055 2525 1315 2589 aduncis
1343 2524 1624 2590 lacerans
1655 2524 1996 2614 unguibus,

466 2623 643 2707 Jovis
674 2623 920 2688 satelles
952 2636 1131 2712 pastu
1163 2624 1423 2689 dilaniat
1458 2624 1610 2689 fere.

472 2721 653 2787 Tum
676 2724 889 2809 jecore
919 2725 1136 2812 opimo
1170 2724 1325 2789 farta
1352 2737 1418 2789 et
1447 2725 1658 2789 satiata
1689 2724 1942 2799 affatim,

470 2822 859 2912 Clangorem
892 2824 1106 2889 fundit
1133 2837 1397 2899 vastum,
1445 2836 1510 2888 et
1539 2824 1810 2888 sublime
1840 2822 2140 2889 advolans

470 2922 739 2989 Pinnata
771 2924 967 2989 cauda
998 2936 1285 2989 nostrum
1316 2924 1531 2989 adulat
1561 2924 1961 3011 sanguinem.

473 3023 653 3089 Cum
682 3047 832 3088 vero
864 3024 1121 3089 adesum
1155 3024 1377 3090 inflatu
1410 3033 1782 3088 renovatum
1813 3032 1905 3086 est
1928 3022 2126 3109 jecur,

477 3122 656 3188 Tum
690 3148 900 3190 rursus
933 3136 1119 3190 tetros
1149 3124 1326 3190 avida
1358 3146 1421 3187 se
1453 3122 1531 3187 ad
1565 3134 1776 3209 pastus
1804 3120 2011 3186 refert.

476 3223 572 3289 Sic
604 3223 775 3290 hunc
806 3226 1133 3290 custodem
1164 3223 1374 3288 moesti
1404 3222 1710 3286 cruciatus
1741 3220 1870 3284 alo:

477 3324 614 3409 Qui
644 3346 747 3388 me
779 3325 1038 3411 perenni
1069 3325 1281 3387 vivum
1314 3322 1509 3387 foedat
1539 3320 1802 3387 miseria.

477 3424 804 3510 Namque,
858 3436 925 3488 ut
952 3423 1197 3500 videtis,
1240 3422 1464 3486 vinclis
1490 3421 1860 3486 constrictus
1892 3417 2088 3503 Jovis,

478 3523 721 3588 Arcere
752 3547 1004 3611 nequeo
1032 3524 1232 3588 diram
1261 3523 1586 3587 volucrem
1618 3543 1654 3584 a
1682 3523 1958 3606 pectore.

480 3624 575 3688 Sic
605 3646 710 3688 me
738 3624 872 3710 ipse
901 3624 1127 3689 viduus
1157 3634 1360 3710 pestes
1389 3619 1626 3705 accipio
1656 3618 1893 3693 anxias,

477 3723 724 3788 Amore
756 3725 973 3790 mortis
1002 3723 1345 3789 terminum
1374 3720 1713 3807 anquirens
1745 3719 1917 3783 mali.

484 3820 611 3885 Sed
646 3821 837 3910 longe
866 3846 902 3888 a
931 3823 1104 3888 letho
1140 3822 1403 3886 numine
1434 3819 1705 3906 aspellor
1737 3819 1932 3903 jovis,

482 3921 709 4009 Atque
740 3921 878 3987 haec
907 3936 1147 3989 vetusta
1177 3921 1377 3988 saeclis
1409 3921 1751 4011 glomerata
1783 3919 2064 3995 horridi5‚

486 4020 790 4086 Luctifica
821 4022 1029 4088 clades
1062 4034 1274 4087 nostro
1303 4020 1496 4085 infixa
1527 4031 1618 4084 est
1648 4017 1898 4103 corpori
1924 4040 1936 4079 ε

486 4119 545 4184 Ε
574 4143 706 4209 quo
737 4121 990 4208 liquatae
1021 4123 1168 4188 solis
1195 4120 1413 4186 ardore
1444 4119 1747 4184 excidunt

490 4218 735 4301 Gustae,
778 4245 926 4309 quae
958 4246 1105 4290 saxa
1135 4221 1373 4289 assidue
1405 4219 1715 4286 instillant
1746 4217 2026 4284 Caucasi.
