2909 4884
143 1205 301 1250 CHOR.

142 1601 295 1649 PROH
302 1634 315 1648 .

347 1935 391 1965 n

136 2007 299 2053 CHOR.

139 2109 305 2155 nou.

135 2207 296 2255 (ΣΙ-103.

138 2305 302 2354 non.

137 2407 302 2454 (HOR-

138 2505 306 2553 nou.

134 2606 305 2653 CHOR.

137 2706 313 2754 nou.

140 3491 304 3544 CROR.

592 325 1277 402 PROMETH.
1368 323 1987 399 VINCTUS.
2374 353 2490 420 137

440 486 656 577 Atque
680 489 824 554 talia
844 488 1111 576 quidem
1141 486 1273 553 haec
1298 509 1312 549 ε
1362 483 1583 551 subtus
1612 508 1760 550 vero
1790 496 2019 551 terram

442 581 838 656 Hominibus
868 579 1077 654 abdita
1108 587 1462 663 commoda,
2364 607 2494 670 500

434 690 564 766 AEs,
617 691 876 766 ferrum,
923 700 1253 776 argentum
1285 701 1346 749 et
1368 707 1611 762 aurum,
1661 686 1808 771 quis

442 789 693 855 Dixerit
723 812 787 854 se
819 793 1052 853 eruisse
1085 801 1229 851 ante
1261 809 1363 850 me
1386 786 1419 849 Ρ

438 887 674 965 Nemn,
724 902 813 953 sat
836 890 980 964 sci0‚
1033 888 1144 952 nisi
1178 885 1290 974 qui
1322 886 1544 950 frustra
1579 884 1881 950 blaterare
1914 883 2102 949 volet.

432 987 585 1053 Uno
618 1001 834 1053 autem
859 988 1052 1052 verbo
1075 989 1301 1051 cunc'ta
1324 986 1687 1050 summatim
1709 986 1940 1071 accipe,

432 1087 679 1152 Omnes
710 1101 868 1152 artes
899 1087 1267 1152 mortalibus
1294 1106 1332 1149 a
1365 1085 1763 1151 Promethe0.
1914 1139 1920 1146 .
2366 1107 2497 1171 505

439 1184 545 1250 Ne
576 1187 876 1273 deinceps
910 1186 1194 1250 homines
1217 1185 1395 1273 juves
1429 1185 1593 1251 ultra
1622 1209 1818 1272 quam
1850 1187 2171 1263 convenit,

439 1286 755 1376 Teipsum
787 1309 936 1351 vero
966 1285 1305 1351 infeliciter
1336 1295 1628 1373 agentem
1664 1285 1964 1374 negligas.
2032 1285 2194 1371 Quia
2220 1307 2340 1374 ego

434 1384 637 1451 Bonae
668 1410 807 1451 sum
840 1385 969 1471 spei
999 1399 1059 1449 te
1092 1407 1169 1449 ex
1203 1383 1369 1448 hisce
1398 1384 1670 1450 vinculis
1703 1387 2052 1451 etiamnum

437 1486 751 1561 Solutum,
798 1485 995 1550 nihilo
1026 1485 1230 1549 minus
1261 1485 1419 1568 Jove
1450 1481 1805 1551 valiturum.

432 1584 587 1651 Non
624 1587 757 1652 haec
789 1589 874 1653 ita
909 1599 978 1651 ut
1007 1608 1136 1650 sors
1168 1585 1399 1673 perfica
2365 1610 2498 1675 510

434 1685 750 1750 Absolvat
779 1685 1046 1750 fatatum
1077 1697 1188 1762 est,
1233 1685 1344 1751 sed
1378 1684 1632 1750 infinitis
1661 1686 1942 1753 cladibus

435 1785 519 1851 Et
549 1787 809 1852 miseriis
830 1787 1208 1874 incurvatus,
1239 1785 1321 1850 ita
1344 1785 1608 1850 demum
1627 1785 1883 1852 vincula
1912 1785 2195 1854 evadam.

432 1887 560 1952 Ars
590 1910 741 1953 vero
771 1886 960 1975 longe
991 1898 1084 1951 est
1108 1881 1490 1950 imbecillior
1518 1886 1897 1954 necessitate.

432 1987 593 2074 Quis
623 2002 714 2053 est
742 2010 894 2076 ergo
927 1986 1298 2052 necessitatis
1328 1986 1714 2075 gubernator
1733 1987 1768 2052 Ρ

432 2089 644 2155 Parcae
675 2089 1012 2163 triformes,
1058 2087 1104 2152 i.
1130 2111 1183 2151 e.
1215 2097 1355 2162 tres,
1403 2105 1842 2171 memoresque
1872 2085 2208 2176 Erinnyes.
2359 2104 2493 2170 515

430 2189 643 2256 Hisne
675 2209 827 2278 ergo
855 2186 1109 2276 Jupiter
1136 2186 1552 2274 impotentior
1571 2187 1606 2250 Ρ

434 2288 592 2355 Non
622 2312 771 2355 sane
803 2289 1095 2377 effugerit
1123 2287 1236 2352 ille
1269 2287 1394 2352 fato
1425 2285 1828 2353 destinatum.

428 2391 609 2476 Quid
640 2389 809 2456 aliud
840 2385 986 2454 Jovi
1016 2385 1397 2453 destinatum
1426 2407 1626 2473 quam
1655 2409 1906 2478 semper
1934 2384 2291 2477 imperare?

435 2490 587 2556 Hoc
619 2503 688 2554 tu
711 2492 847 2579 jam
880 2511 1009 2554 non
1042 2488 1331 2563 audieris,
1380 2511 1462 2552 ne
1491 2487 1701 2552 instes.

438 2587 625 2655 Num
655 2612 842 2678 grave
871 2587 1023 2675 quid
1055 2597 1146 2652 est
1171 2587 1345 2673 quod
1377 2587 1463 2652 ita
1491 2587 1818 2653 abscondis
1836 2589 1872 2652 ἱ)
2367 2606 2498 2674 520

446 2689 900 2755 Recordamini
933 2688 1090 2753 alius
1120 2689 1448 2764 sermonis,
1497 2688 1669 2753 hunc
1701 2689 1961 2756 minime

433 2790 724 2878 Tempus
756 2804 851 2855 est
877 2790 1141 2866 efferre,
1162 2787 1272 2854 sed
1302 2800 1397 2854 est
1422 2788 1836 2856 occultandus

430 2881 648 2977 Quam
678 2887 990 2956 maxime:
1042 2910 1191 2953 nam
1222 2885 1395 2952 hunc
1426 2886 1774 2965 retinendo,
1821 2909 1943 2979 ego

432 2991 752 3079 Effugiam
782 2988 1081 3056 vincula
1064 2988 1479 3076 ignominiosa
1507 2999 1572 3053 et
1600 2988 1894 3054 miserias.

609 3181 1965 3274 ΑΝΤιεΤΒοΡΗῙοΑ

856 3339 1567 3412 STROPHE
1663 3360 1721 3407 1.

432 3475 835 3562 Neutiquam
865 3470 1560 3542 omnia-administrans
2367 3487 2497 3555 525

431 3577 581 3642 Vim
612 3597 792 3642 suam
824 3595 985 3638 meae
1012 3572 1326 3637 voluntati

432 3678 738 3766 Opponat
768 3674 1021 3764 Jupiter
1048 3698 1065 3737 t

436 3777 671 3867 Neque
703 3799 823 3866 ego
851 3774 1139 3842 cessarint

430 3880 541 3944 Ad
574 3880 727 3944 deos
757 3877 939 3942 sacris

430 3979 717 4046 Viffimis
742 3978 1057 4054 accedere,
2367 3990 2535 4064 530-

432 4078 649 4146 Boum
680 4080 1089 4144 mactatorum
1120 4071 1286 4163 apud
1320 4073 1510 4161 patris
1539 4071 1782 4140 Oceani

430 4180 715 4260 Fluxurn
746 4198 1091 4266 perennem
1117 4198 1133 4239 ε

434 4280 671 4369 Neque
702 4299 959 4366 peccem
991 4274 1215 4341 verbis.

438 4383 560 4447 Sed
594 4381 751 4448 mihi
779 4380 899 4444 hoc
937 4389 1208 4455 maneat,

434 4479 579 4550 Nec
610 4500 907 4568 unquam
926 4475 1157 4545 effluat.
1210 4535 1217 4542 .
1375 4566 1445 4638 T
2363 4486 2497 4553 545
