2909 4884
399 295 541 433 124-
899 349 1583 418 PROMETH.
1673 352 2294 422 VINCTUS.

740 498 1134 572 Plorationes
1164 518 1375 571 autem
1408 520 1470 600 et
1500 505 1710 572 luens
1743 509 1975 576 multos
2007 509 2256 578 inutiles

742 600 1027 688 Ejulabis
1047 617 1097 669 ¹:
1144 604 1322 671 Jovis
1352 603 1521 670 enim
1553 608 1796 673 animus
1829 609 2073 694 placatu
2107 607 2381 674 difficilis
2412 619 2541 675 est:

660 748 707 779 ‚,
762 700 1032 792 Rigidus
1062 727 1211 769 vero
1240 706 1446 770 omnis
1475 707 1584 790 qui
1616 708 1806 772 modo
1838 708 2028 794 coepit
2056 707 2381 795 imperare.
2701 728 2775 793 35

393 823 543 866 Ros.
736 801 906 867 Siet:
955 803 1112 890 quid
1143 815 1210 869 tu
1243 805 1574 878 cunctariS,
1622 817 1686 870 et
1721 806 1940 874 frustra
1973 806 2280 872 miseraris
2302 808 2336 869 ἶ)

734 903 872 969 Cur
901 927 1030 969 non
1065 907 1255 970 istum
1287 905 1403 969 diis
1438 904 1883 970 invisissimum
1913 906 2093 970 odisti
2126 907 2339 981 deum,

737 1004 869 1088 Qui
899 1016 1080 1070 tuum
1112 1004 1486 1070 hominibus
1514 1005 1786 1091 prodidit
1818 1005 2185 1093 peculium?

398 1123 588 1165 vute.
656 1148 698 1177 „
740 1102 835 1167 At
870 1126 1162 1191 magnam
1193 1104 1320 1168 vim
1355 1103 1545 1167 habet
1573 1107 1860 1193 cognatio
1892 1117 1954 1169 et
1974 1107 2383 1171 consuetudo.

396 1221 540 1263 aon.
738 1197 793 1262 F
796 1213 999 1275 ateor3
1050 1213 1110 1265 at
1137 1223 1484 1290 repugnare
1509 1204 1818 1268 mandatis
1840 1205 2032 1292 patris
2703 1225 2779 1291 40

737 1298 888 1383 Quo
915 1300 1073 1386 potis
1096 1323 1161 1365 es
1185 1301 1412 1376 modo;
1465 1325 1676 1365 annon
1711 1303 1830 1367 hoc
1863 1307 2088 1370 metuis
2119 1304 2314 1393 magis
2338 1308 2371 1370 Ρ

390 1423 588 1467 vum.
737 1398 847 1463 Tu
877 1422 1123 1486 semper
1152 1400 1595 1465 immisericors
1627 1415 1688 1466 et
1716 1402 1992 1467 audaciae
2024 1403 2270 1490 plenus

390 1524 536 1566 non.
735 1500 997 1588 Quippe
1032 1501 1200 1566 hunc
1224 1501 1454 1566 deflere
1487 1502 1740 1567 nullum
1771 1515 1865 1567 est
1897 1504 2286 1569 remedium:
2324 1502 2593 1591 proinde
2613 1514 2679 1567 tu

738 1601 845 1664 Ne
880 1601 1101 1665 frustra
1130 1624 1277 1690 agas
1306 1623 1451 1687 quae
1489 1600 1648 1665 nihil
1685 1616 1966 1688 prosunt.

392 1724 584 1767 vute.
737 1701 802 1764 O
835 1702 1111 1765 multum
1143 1723 1329 1765 exosa
1363 1723 1668 1765 manuum
1701 1701 1964 1766 solertia.
2702 1720 2775 1786 45

350 1863 357 1870 ,
392 1821 545 1865 non.
741 1799 916 1882 Quid
949 1822 1090 1864 eam
1121 1799 1488 1864 detestaris?
1539 1823 1684 1864 nam
1719 1823 1928 1865 revera

737 1898 995 1963 Harum
1028 1923 1235 1963 rerum
1269 1900 1447 1964 nullo
1481 1899 1671 1964 modo
1703 1922 1798 1963 ars
1829 1899 1960 1986 ipsa
1989 1921 2171 1964 causa
2207 1909 2321 1963 est.

392 2022 581 2062 vum.
737 1998 1001 2064 Utinam
1031 2011 1241 2066 tamen
1273 2001 1419 2084 quis
1450 1999 1610 2066 alius
1640 2021 1781 2062 eam
1811 1999 2058 2062 sortitus
2089 2010 2267 2063 esset.

388 2118 544 2162 RoB.
644 2145 689 2174 ‚,
734 2096 970 2162 Omnia
1003 2109 1150 2163 sunt
1180 2098 1294 2163 diis
1325 2121 1616 2163 concessa
1648 2112 2071 2184 praeterquam
2101 2100 2431 2185 imperare.

645 2243 692 2273 ,‚
739 2194 915 2260 Nam
947 2198 1166 2263 nullus
1198 2210 1289 2262 est
1321 2198 1482 2263 liber
1511 2198 1626 2263 nisi
1654 2198 1919 2285 Jupiter.
2701 2216 2775 2280 50

388 2319 579 2362 vute.
736 2296 928 2374 Novi,
981 2320 1186 2385 neque
1219 2298 1315 2363 his
1346 2298 1551 2363 habeo
1582 2298 1755 2385 quod
1789 2297 1994 2361 dicam
2015 2309 2252 2374 contra.

384 2420 535 2464 Ros.
736 2399 908 2481 Quin
940 2421 1089 2487 ergo
1121 2400 1323 2487 pergis
1351 2399 1599 2463 vincula
1631 2400 1730 2463 isti
1764 2398 2212 2484 circumjicere,

734 2496 843 2561 Ne
875 2508 936 2562 te
966 2499 1417 2562 animadvertat
1445 2499 1725 2563 cunctari
1757 2509 1932 2584 pater
1952 2499 1985 2560 Ρ

390 2620 584 2662 vute.
738 2597 943 2685 Atqui
972 2597 1119 2662 licet
1152 2610 1359 2686 parata
1395 2596 1728 2661 brachialia
1762 2596 2007 2661 intueri.

389 2719 535 2761 non.
735 2696 1208 2782 Circumjiciens
1240 2720 1310 2760 ea
1345 2697 1660 2772 manibus,
1709 2697 1770 2760 vi
1804 2696 2014 2761 valida
2702 2714 2776 2778 55

732 2795 979 2861 Malleo
1003 2798 1222 2873 tunde,
1272 2809 1335 2860 et
1369 2796 1554 2884 affige
1586 2795 1664 2860 ad
1697 2807 1925 2883 petras.

390 2920 582 2962 vute.
742 2895 1072 2961 Perficitur
1102 2895 1432 2984 negotium
1464 2894 1606 2970 hoc,
1656 2918 1864 2983 neque
1896 2895 2113 2959 frustra
2146 2905 2255 2960 est.

388 3019 532 3062 aon.
732 2994 971 3060 Tunde
993 2995 1290 3083 amplius,
1336 2995 1711 3084 constringe,
1762 3017 2074 3079 nusquam
2101 2993 2290 3060 laxes.

734 3094 981 3160 Peritus
1013 3110 1102 3159 est
1134 3095 1308 3159 enim
1340 3095 1705 3160 inveniendi
1734 3095 1902 3159 viam
1932 3096 2124 3159 etiam
2155 3117 2234 3158 ex
2267 3094 2458 3162 rebus

899 3193 1423 3281 desperatissimis.
2205 3271 2213 3287 ι

391 3318 580 3359 vum.
730 3295 1013 3380 Aptatur
1034 3294 1151 3358 hoc
1184 3294 1511 3358 brachium
1545 3290 2068 3356 inextricabiliter.
2702 3292 2782 3354 60

390 3409 533 3459 aon.
738 3394 888 3458 Hoc
922 3396 1108 3459 etiam
1134 3417 1300 3458 nunc
1333 3392 1672 3457 infibulat-e
1705 3390 1995 3465 firmiter,-
2038 3402 2110 3453 ut

734 3491 955 3556 Discat
983 3516 1049 3557 se
1078 3515 1210 3556 esse
1240 3490 1402 3555 Jove
1432 3490 1643 3554 minus
1675 3489 1965 3554 solertem
1996 3501 2430 3553 veteratorem.

389 3616 576 3656 vute.
735 3591 839 3656 Te
871 3606 1137 3679 excepto
1170 3591 1383 3656 nullus
1411 3591 1570 3655 alius
1595 3592 1733 3677 jure
1764 3588 2109 3675 culpaverit
2138 3611 2262 3652 me.

384 3718 532 3760 aon.
738 3692 937 3757 Nunc
960 3693 1118 3757 clavi
1147 3691 1530 3756 adamantini
1561 3689 1862 3754 audacem
1885 3687 2321 3754 mandibulam

728 3793 951 3858 Valide
981 3806 1149 3858 trans
1179 3794 1402 3879 pesitus
1432 3791 1575 3878 fige.
2699 3784 2776 3864 65

390 3919 579 3962 vute.
738 3895 918 3972 Heu,
952 3895 1101 3968 heu,
1132 3891 1546 3967 Prometheu,
1572 3888 1916 3977 ingemisco
1940 3898 2192 3974 propter
2212 3895 2350 3949 tuos
2375 3882 2643 3948 labores.

385 4018 529 4060 non.
730 3993 841 4059 Tu
865 4017 1013 4058 vero
1039 4014 1247 4058 rursus
1274 3991 1607 4064 ειιηὸὶπίε,
1655 4000 1718 4052 et
1746 4011 1936 4076 super
1967 3987 2252 4054 hostibus
2274 3983 2454 4048 Jovis

729 4093 1147 4183 Ingemiscis?
1192 4090 1339 4155 vide
1373 4112 1455 4154 ne
1484 4089 1576 4155 tui
1604 4088 1794 4175 ipsius
1822 4089 2148 4162 misereare
2180 4097 2415 4172 postea.

389 4209 577 4260 vute.
730 4193 950 4257 Cernis
980 4190 1413 4277 speRaeulum
1443 4189 1666 4263 ocuIiS,
1713 4187 2010 4254 horribile
2039 4188 2320 4273 aspefitu.

388 4311 536 4359 non.
735 4292 948 4356 Cerno
976 4293 1164 4356 istum
1187 4289 1421 4353 meritis
1444 4288 1640 4375 digna
1654 4299 2166 4356 consecuturum.
2693 4295 2773 4362 70

705 4391 858 4459 ,Sed
888 4390 1127 4478 conjice
1149 4391 1392 4454 circum
1423 4387 1891 4452 lateracatenas
1922 4385 2229 4460 axillares.

1296 4531 1307 4538 .
1353 4567 1367 4592 ¹
1408 4559 1537 4622 MS.
1614 4557 1849 4619 Efferes.
