2909 4884
345 356 512 423 .254
784 334 923 400 IN
997 332 1674 400 PRoMETH.
1753 333 2383 403 v1NCTuM

384 513 513 555 non
562 490 958 565 domuerant,
1007 512 1123 553 nec
1163 490 1406 576 spiritus
1446 489 1643 575 ipsius
1687 487 1885 554 ullam
1933 490 2001 554 in
2050 501 2291 576 partem
2331 492 2756 570 contuderant,

383 590 608 655 eodem
639 592 822 677 pafito
866 589 1240 674 respondere
1284 589 1609 653 Mercurio
1650 590 1761 675 qui
1804 590 2011 676 ipsum
2054 590 2340 666 laeserat;
2388 593 2452 658 in
2507 593 2757 681 aliisque

382 690 637 768 dixerat,
711 712 854 751 eum
915 710 1025 752 sua
1084 690 1473 754 contumacia
1534 690 2070 778 insolentibusque
2150 693 2357 769 dietis,
2430 696 2757 781 conjecisse

384 790 794 876 semetipsum
834 788 900 852 in
952 811 1243 852 acervum
1278 789 1458 853 illum
1504 790 1906 854 miseriarum.
2000 792 2215 877 Inquit
2264 794 2475 881 igitur,
2525 820 2592 860 se
2644 820 2759 861 non

381 901 914 954 commutaturum
966 899 1193 952 statum
1244 913 1430 953 suum
1480 890 1666 954 illum
1719 891 1981 967 malurn,
2042 915 2190 958 cum
2241 896 2436 983 ipsius
2492 899 2761 964 secundis

385 990 590 1061 rebus,
676 988 1142 1071 ministerioque
1201 989 1372 1076 quod
1435 990 1703 1063 obibat;
1774 992 2084 1076 satiusque
2145 1016 2276 1057 esse
2334 995 2619 1060 adfixum
2675 998 2760 1062 illi

382 1088 641 1174 scopulo
687 1087 941 1163 haerere,
1014 1109 1209 1171 quam
1270 1089 1570 1152 nuntium
1628 1112 1760 1153 esse
1814 1090 2014 1167 Jovis,
2093 1092 2521 1180 mandataque
2585 1098 2763 1183 ipsius

382 1190 649 1254 fideliter
692 1189 940 1272 exequi.
1031 1187 1135 1251 Ad
1190 1202 1540 1254 extremum
1592 1212 1741 1253 vero
1790 1190 1985 1267 addit,
2032 1193 2205 1283 quod
2251 1193 2381 1256 vim
2438 1194 2611 1260 illius
2646 1219 2763 1259 suae

381 1291 674 1355 orationis
706 1291 899 1376 aperit
929 1312 998 1353 ac
1030 1290 1378 1365 constituit,
1413 1291 1636 1354 decere
1667 1313 1779 1376 par
1808 1292 1938 1376 pari
1964 1292 2210 1366 referre,
2238 1303 2301 1355 et
2318 1295 2763 1361 contumeliam

383 1394 644 1470 illatam,
691 1390 1070 1455 contumelia
1103 1390 1408 1455 refellere.
1504 1390 1720 1455 Verba
1750 1391 1944 1477 ipsius
1976 1403 2179 1479 poetae
2214 1404 2387 1475 sunt,

721 1504 820 1567 Τῆς
863 1504 951 1565 σ’ἦς
994 1503 1228 1577 λᾳτςιίας
1269 1494 1353 1559 ‘riis
1399 1493 1511 1571 ipa-in
1553 1495 1870 1577 δυσ-πςαξίαν

721 1606 898 1674 zap&-
944 1600 1146 1663 ivriroecr'
1190 1600 1250 1656 ἐκ
1294 1598 1355 1655 ἂν
1397 1595 1688 1671 α’λλοίξαιρί
1732 1598 1846 1669 ι’γῶ.

383 1695 559 1759 Cum
608 1706 820 1757 autem
869 1691 996 1756 illic
1046 1691 1347 1756 Scholion
1387 1704 1565 1757 vetus
1597 1694 1833 1778 aperiat
1875 1715 2134 1759 sensum
2163 1715 2424 1759 ornnem
2460 1694 2597 1781 ejus
2632 1694 2761 1769 loci,

384 1796 500 1860 nisi
532 1794 962 1880 perturbatum
993 1792 1172 1868 foret,
1219 1815 1350 1856 non
1381 1816 1482 1856 me
1515 1791 1756 1880 pigebit
1784 1794 1973 1857 etiam
2003 1793 2355 1869 ostendere,
2403 1797 2679 1878 ιῠπςαξιάι
2706 1784 2789 1856 in'

380 1896 518 1982 ipso
568 1917 681 1981 pro
721 1898 1028 1978 δυσπςαξίαν
1059 1915 1387 1979 perperam
1417 1894 1719 1979 scriptum
1752 1917 1904 1960 esse.
1997 1892 2191 1977 Quod
2221 1916 2369 1957 vero
2396 1894 2471 1959 in
2504 1906 2763 1962 extremo

383 1997 644 2071 addidit,
690 2017 842 2060 cum
885 1995 1018 2081 jam
1064 1993 1280 2057 animo
1327 2016 1440 2056 suo
1492 1994 1899 2068 satisfecisset,
1950 1992 2405 2080 refutassetque
2462 1991 2760 2057 Mercurii

383 2094 851 2171 contumeliam,
925 2092 1127 2158 simile
1206 2104 1298 2156 est
1364 2092 1457 2156 illi
1523 2093 1847 2157 sententiae
1928 2092 2272 2169 Ciceronis,
2349 2104 2551 2179 atque
2608 2094 2761 2158 idem

384 2217 635 2286 prorsus
682 2195 871 2259 valet.
965 2194 1189 2260 Similis
1227 2193 1422 2257 etiam
1464 2205 1555 2256 est
1586 2192 1678 2255 his
1710 2191 2118 2278 aliquomodo
2149 2213 2271 2256 vox
2302 2191 2411 2255 illa
2452 2192 2760 2269 Leonidae,

386 2296 707 2362 fortissimi
766 2306 952 2382 atque
1008 2293 1232 2380 optimi
1288 2293 1426 2368 viri,
1478 2292 1593 2378 qui
1647 2314 1792 2356 curn
1851 2312 1889 2353 a
1950 2289 2165 2355 Xerxe
2219 2312 2364 2377 rege
2414 2289 2759 2363 Persarum,

384 2399 723 2464 solicitatus
782 2408 942 2460 esset
998 2394 1076 2458 de
1137 2391 1511 2481 proditione,
1569 2391 1991 2480 pollicebatur
2045 2403 2258 2455 autern
2315 2391 2437 2476 ipsi
2508 2413 2755 2479 regnum

385 2499 777 2571 Graecorum,
826 2497 872 2559 si
903 2495 980 2558 ad
1025 2517 1088 2557 se
1120 2493 1450 2569 transisset,
1498 2504 1927 2576 conatumque
1958 2492 2146 2556 illurn
2177 2515 2369 2556 suum
2413 2492 2754 2580 adjuvisset,

386 2599 718 2687 magnifice
752 2596 1135 2680 honesteque
1167 2594 1282 2678 ipsi
1314 2592 1657 2679 respondit,
1707 2613 1834 2655 non
1870 2603 2076 2655 tamen
2111 2592 2434 2666 iracunde,
2487 2591 2597 2656 sed
2627 2611 2757 2655 curn

387 2696 834 2784 exprobatione
886 2693 1096 2777 injusti
1152 2691 1322 2755 illius
1364 2691 1543 2766 belli,
1587 2714 1656 2754 ac
1689 2691 1885 2777 turpis
1918 2691 2242 2779 postulati.
2334 2691 2560 2777 Inquit
2586 2693 2754 2767 enirn,

390 2799 456 2859 Si
501 2820 630 2881 quae
670 2803 808 2857 sunt
849 2794 1011 2854 rec'ta
1040 2801 1093 2853 et
1123 2789 1363 2853 honesta
1394 2791 1454 2854 in
1488 2791 1611 2855 vita
1644 2790 1963 2867 didicisset,
2008 2789 2128 2856 sibi
2162 2791 2280 2880 ipsi
2310 2796 2776 2880 temperaturum‘

363 2898 570 2986 juisse
617 2919 655 2958 a
698 2890 1018 2977 cupiditate
1059 2913 1252 2953 rerum
1298 2887 1679 2961 alienarum,·
1722 2890 1837 2953 sibi
1866 2901 2058 2953 autem
2087 2891 2281 2953 satius
2307 2911 2432 2953 esse
2458 2910 2575 2974 pro
2604 2889 2757 2953 liber·

383 3009 501 3062 tate
548 2996 806 3060 Graeciae
855 2993 1112 3067 interire,
1172 3011 1356 3079 quam
1405 2991 1618 3078 injuste
1675 2991 1739 3054 in
1797 3011 1940 3053 suos
1996 2990 2369 3054 dominari.'’
2448 2990 2756 3054 Ilafitenus

383 3100 478 3163 vir
522 3093 972 3175 doffissimus]
1878 3154 1889 3165 ,
2526 3106 2533 3111 ·

474 3203 564 3284 [v.
598 3217 744 3281 971.
790 3209 1206 3259 ΧΛῙΔΩΝΤΑΣ
1239 3208 1400 3256 ΩΔΕ.
1494 3187 1759 3254 Plautus
1791 3187 1979 3253 Asin.
2014 3187 2093 3251 V.
2138 3209 2191 3255 1.

733 3295 984 3358 Utinam
1014 3290 1166 3356 male
1195 3291 1292 3376 qui
1325 3289 1468 3355 mihi
1500 3290 1814 3354 volunt-sic
1856 3289 2150 3370 rideant.]

473 3397 561 3475 [μζ.
596 3413 743 3477 974.
793 3410 1013 3457 ArIAsss
1047 3408 1277 3455 ΛΟΓΩι.
1368 3391 1647 3479 Hesych.
1706 3392 1931 3464 Ἀπλῦς·
1965 3396 2236 3469 συντόμως·
2269 3392 2548 3466 καθάπαξ.
2616 3385 2750 3451 Non

383 3495 630 3560 videtur
661 3507 971 3557 assecutus
1004 3502 1282 3556 mentem
1315 3503 1518 3578 poetae
1545 3493 1867 3576 interpres,
1912 3511 2056 3554 cum
2090 3488 2457 3566 reddiderit,

728 3591 948 3655 Omnes
986 3590 1334 3680 simpliciter
1376 3588 1474 3653 odi
1522 3591 1755 3672 Deos-‚J

472 3696 567 3777 [ὤ.
601 3694 750 3778 978.
798 3709 867 3755 EI
897 3706 1254 3755 IIPszom
1283 3706 1548 3753 ΚΑΛΩΣ.
1642 3690 1898 3763 Noster,
1933 3689 2102 3777 apud
2138 3687 2488 3755 Stobaeum.
2558 3687 2741 3753 Ethie.

388 3794 606 3859 Serm:
655 3812 757 3875 45.
782 3796 1126 3854 -Κακοῒ
1169 3795 1271 3873 ’γὰς
1316 3792 1365 3853 εὖ
1391 3819 1703 3874 &gaeson-55·
1745 3799 1807 3855 ἐκ
1851 3790 2190 3872 &reflexu-m]

470 3901 562 3981 [v.
594 3895 741 3976 986.
787 3908 916 3956 ΚΑΙ
949 3907 1088 3954 En.
1140 3889 1181 3951 f.
1229 3892 1425 3974 aaa]

463 4008 525 4064 ᾖ.
558 3997 707 4077 988.
755 4000 1012 4058 AxKIM'.
1107 3989 1259 4077 1,Εὲ-
1348 3996 1585 4069 Αἷμα-μ’.

469 4099 560 4179 [v.
593 4114 744 4174 992.
791 4107 1291 4156 AETKOHTEPQ
1337 4109 1425 4155 ΔΕ
1471 4106 1755 4154 ΝΙΦΑΔῙ.
1848 4088 2120 4153 Solinus.
2159 4112 2211 4152 c.
2256 4108 2358 4173 15.
2459 4087 2632 4153 Ultra
2658 4083 2745 4147 hos

380 4204 436 4256 et
479 4192 798 4279 Riphaeum
829 4198 1073 4281 jugum,
1118 4190 1287 4276 regio
1328 4200 1412 4252 est
1455 4189 1714 4254 assiduis
1759 4187 1995 4253 obsessa
2039 4190 2281 4253 nivibus
2294 4213 2319 4261 ,·
2364 4187 2741 4277 Pterophorou

382 4293 628 4362 dicunt:
676 4292 889 4376 quippe
935 4313 1110 4354 casus
1146 4289 1610 4353 continuantium
1640 4289 1996 4378 pruinarum
2025 4290 2315 4377 quiddam
2362 4289 2451 4353 ibi
2489 4284 2745 4378 exprimit

378 4392 573 4456 simile
593 4394 941 4478 pinnarum.
993 4389 1097 4453 Ad
1129 4409 1321 4473 quem
1352 4387 1560 4453 locum
1592 4387 1693 4452 Cl.
1733 4389 2096 4453 Salmasius.
2163 4398 2206 4428 ‘⁶
2238 4389 2447 4476 Regio
2474 4392 2741 4468 πτιςοφόςος

381 4489 546 4553 dicta
598 4490 676 4553 ab
723 4489 969 4553 assiduo
1020 4480 1261 4552 nivium
1290 4508 1461 4562 casu,
1504 4509 1649 4573 quae
1682 4489 1894 4573 pinnis
1922 4488 2150 4553 similes
2180 4502 2351 4564 sunt,
2398 4487 2569 4553 unde
2598 4485 2744 4547 nim

369 4586 649 4671 plumeas
691 4588 970 4675 appellat
1017 4583 1363 4666 Arnobius,
1410 4586 1495 4652 II.
1544 4586 1699 4672 quod
1742 4590 2022 4675 guttatim
2049 4589 2260 4678 saciat
2296 4588 2565 4679 pluviam
2605 4580 2737 4659 tabi,
