2909 4884
136 3397 203 3444 ¹0.

136 3497 296 3550 PBGH}

134 3701 289 3752 (ROB.

136 3797 296 3848 mou.

139 3894 204 3942 10.

143 4386 301 4445 ΡΙΟΗ.

556 331 1237 403 PRoMETH.
1339 333 1951 403 vuxxc‘rus⁴
2365 357 2484 424 143

421 481 748 556 Pervenies
770 490 961 555 etiam
983 489 1061 553 ad
1084 489 1349 554 fluvium
1370 490 1749 555 insolentem
1769 489 1940 556 haud
1966 489 2121 557 falso

586 594 866 668 nomine,

424 694 636 778 Quem
666 716 748 757 ne
773 705 1079 763 transeam
1109 691 1272 774 ·quia
1298 707 1424 754 non
1448 698 1542 754 est
1567 690 1762 755 facilis
1783 690 2032 766 vadam,

430 794 804 880 Priusquam
836 794 913 857 ad
937 792 1143 877 ipsum
1168 791 1380 856 venias
1402 791 1778 866 Caucasum,
1809 792 2138 854 montium-

430 895 853 968 Altissimum‚
901 890 1008 956 ubi
1036 891 1266 954 fluvius
1289 891 1558 954 effundit
1579 890 1709 954 vim

430 994 525 1057 Ex
544 993 846 1059 lateribus
876 990 1237 1056 editioribus
1264 1015 1279 1054 ε
1341 991 1447 1054 sed
1474 1000 1717 1076 oportet
1740 990 2144 1055 astris-vicina
2356 1005 2484 1070 720

432 1092 1015 1157 Transcendentem
1040 1093 1362 1155 cacumina
1384 1091 1462 1154 ad
1488 1090 1890 1154 meridianam

424 1192 610 1257 Viam
641 1193 924 1268 tendere,
958 1191 1071 1255 ubi
1094 1192 1170 1254 ad
1200 1196 1596 1254 Amazonum
1629 1191 1825 1254 aciem

427 1289 717 1356 Virorum
743 1291 1215 1356 adversatricem
1240 1291 1577 1377 appuleriS,
1613 1312 1754 1375 quae
1778 1288 2138 1374 aliquandoae

593 1393 1071 1480 Themiscyram

424 1491 606 1557 Circa
630 1491 1174 1557 Thermodontem
1199 1491 1495 1567 incolent,
1523 1489 1634 1555 ubi

430 1590 542 1657 Est
568 1615 751 1680 asper
772 1593 946 1679 ponti
974 1591 1428 1678 Salmydessius
1453 1592 1627 1657 sinus
2357 1607 2482 1676 725

430 1691 661 1758 Nautis
681 1691 1084 1778 inhospitalis,
1115 1713 1375 1755 noverca
1402 1693 1652 1757 navium
1670 1716 1689 1755 z

425 1790 566 1856 Istae
595 1804 659 1857 te
682 1792 997 1857 deducent
1015 1803 1082 1856 et
1103 1791 1285 1855 valde
1310 1791 1623 1856 lubenter.

426 1889 500 1957 In
534 1892 681 1980 ipsis
702 1907 914 1957 autem
937 1892 1215 1979 angustis
1238 1892 1425 1978 portis
1450 1891 1693 1977 paludis
1718 1890 2027 1958 Isthmum

426 1990 877 2057 Cimmericum
902 1992 1184 2079 attinges,
1213 2014 1404 2079 quem
1429 2005 1676 2079 oportet
1698 2006 1757 2056 te
1783 1992 2080 2058 audacter

429 2088 843 2156 Deserentem
874 2092 1152 2178 trajicere
1184 2092 1498 2180 angustias
1522 2090 1882 2158 Maeoticas:
2357 2109 2490 2182 73.)

429 2188 566 2256 Erit
593 2211 744 2255 vero
768 2189 1128 2254 hominibus
1152 2190 1313 2255 fama
1336 2191 1401 2254 in
1427 2203 1728 2266 aeternum
1752 2192 1975 2281 ingens

426 2290 557 2357 Tui
578 2292 889 2368 transitus,
917 2311 1061 2355 nam
1087 2289 1454 2378 Bosphorus
1479 2291 1856 2379 cognomine

427 2388 886 2481 Indigitabitur.
947 2389 1161 2454 Solum
1187 2402 1394 2454 autem
1421 2389 1699 2477 Europae
1725 2389 2080 2478 relinquens

427 2487 759 2554 Pervenies
790 2491 857 2554 in
889 2490 1321 2559 continentem
1345 2492 1718 2568 Asiaticam;
1766 2493 2053 2580 nunquid
2077 2491 2253 2559 vobis

587 2590 845 2655 videtur

434 2686 721 2754 Deorum
753 2687 1135 2776 gubernator
1158 2689 1224 2753 in
1247 2691 1545 2755 omnibus
1574 2690 1762 2756 simul
2343 2711 2484 2783 ,735

428 2786 759 2853 Violentus
783 2810 915 2852 esse
933 2790 965 2851 Ρ
1007 2788 1151 2852 huic
1175 2789 1347 2853 enim
1372 2791 1619 2855 mortali
1651 2791 1833 2856 Deus

423 2887 841 2955 Commisceri
862 2888 1104 2961 volens,
1132 2912 1268 2953 eam
1292 2890 1357 2953 in
1381 2891 1527 2955 istos
1549 2893 1819 2978 conjecit
1843 2916 2098 2960 errores.

426 2989 747 3054 Acerbum
778 2989 1171 3074 comparasti,
1198 3012 1238 3053 o
1262 2989 1494 3077 puella,
1521 2991 1793 3079 conjugii
1820 2991 1911 3055 tui

427 3086 737 3165 Procum;
785 3111 938 3176 quas
961 3088 1129 3151 enim
1154 3088 1287 3175 jam
1310 3090 1534 3154 audisti
1559 3091 1934 3156 narrationes

425 3184 585 3252 Puta
611 3186 733 3251 tibi
748 3209 886 3252 esse
906 3210 988 3252 ne
1012 3188 1314 3275 prooemia
1336 3190 1603 3274 quidem
1627 3212 1846 3255 eorum
1868 3215 2012 3278 quae
2037 3192 2301 3260 dicenda

586 3301 757 3354 eunt.
2358 3309 2488 3383 740

426 3387 559 3454 Hei
588 3389 768 3468 mihi,
803 3387 1000 3454 mihiz
1051 3388 1213 3454 eheu
1236 3389 1421 3454 eheu.

422 3487 533 3554 Tu
567 3512 779 3554 rursus
804 3488 1114 3554 exclamas
1139 3504 1201 3554 et
1234 3488 1546 3578 singultis;
1595 3490 1757 3576 quid

426 3587 641 3654 Facies
670 3589 780 3653 ubi
813 3588 1048 3674 reliqua
1070 3590 1383 3654 auscultes
1416 3590 1578 3654 mala
1595 3593 1628 3654 i>

420 3687 609 3754 Num
630 3689 785 3775 quid
811 3688 1121 3774 reliquum
1147 3702 1240 3754 est
1262 3689 1408 3753 mali
1433 3690 1607 3776 quod
1631 3690 1726 3754 illi
1752 3689 1916 3755 dicas
1931 3691 1969 3755 i>

418 3786 560 3853 Imo
587 3799 1082 3876 tempestuosum
1107 3812 1276 3854 mare
1301 3790 1516 3853 noxiae
1537 3789 1924 3855 calamitatis,
2357 3812 2508 3884 745·

418 3889 589 3973 Quid
606 3912 757 3978 ergo
781 3888 935 3953 lucri
962 3888 1114 3953 mihi
1136 3890 1363 3964 vivere,
1391 3889 1541 3973 quin
1569 3891 1775 3974 potius
1800 3890 1972 3954 illico

426 3989 530 4053 De
553 3988 669 4053 hac
691 4011 905 4076 aspera
929 4001 1103 4075 petra
1127 3999 1361 4053 memet
1384 3990 1776 4074 projecerim,

417 4087 511 4154 Ut
524 4090 591 4158 in
614 4100 843 4154 terram
865 4088 1179 4165 decidens,
1206 4089 1283 4152 ab
1304 4087 1604 4153 omnibus
1628 4089 1805 4153 malis

340 4232 382 4263 ‚,
423 4187 795 4254 Liberarer?
846 4185 1023 4253 Nam
1052 4189 1243 4253 satius
1266 4198 1358 4251 est
1383 4186 1579 4251 semel
1604 4189 1763 4251 mori
2027 4257 2032 4266 .

344 4333 385 4363 ‚,
424 4287 633 4373 Quam
662 4287 894 4353 diebus
914 4288 1050 4351 vitae
1091 4288 1391 4353 omnibus
1415 4287 1582 4352 mala
1606 4289 1872 4375 perpeti.
2354 4309 2485 4380 750

421 4386 545 4453 Nae
568 4411 732 4477 aegre
758 4386 947 4452 ferres
971 4408 1143 4454 meas
1172 4386 1567 4462 afflictione&

422 4485 546 4554 Cui
571 4508 703 4552 non
726 4499 819 4552 est
843 4485 1365 4552 fato-concessum
1389 4485 1584 4551 mori:
