2909 4884
345 345 469 414 ¹54
1034 314 2028 390 FRAGMENTA.

600 476 939 566 Equorum
968 475 1415 563 asinorumque
1445 476 1646 544 coitus
1677 487 1741 543 et
1768 489 2092 544 taurorum
2135 474 2327 545 foetus

605 578 931 654 Praebens,
975 576 1111 642 vice
1139 599 1463 645 servorum
1493 578 1609 666 qui
1639 577 1885 644 labores
1914 577 2204 658 subeant,

350 677 711 747 secundum
749 675 1150 765 AEschylum.

1483 872 1599 940 IV.

436 1014 757 1083 Annum.
781 1012 829 1080 l.
855 1036 915 1080 c.
989 1009 1425 1103 AEschylusin
1448 1015 1756 1106 tragoedia
1777 1016 2308 1103 quaeinscribitur
2327 1016 2740 1090 Prometheus

353 1116 622 1195 Solutus,
679 1114 917 1181 Phasin
969 1111 1246 1202 Europae
1298 1127 1488 1202 atque
1533 1115 1711 1183 Asiae
1759 1116 2109 1184 terminum
2151 1117 2327 1185 facit.
2417 1118 2521 1187 Sic
2573 1117 2739 1183 enim

359 1214 624 1283 Titanas
668 1215 1000 1305 loquentes
1028 1214 1395 1295 introducit,

1319 1358 1719 1448 pervenimus

618 1458 804 1528 Tuos
834 1457 1080 1526 labores
1112 1458 1320 1536 hosce,
1370 1457 1784 1534 Prometheu‚

614 1558 700 1623 Et
727 1560 1133 1625 vinculorum
1162 1580 1423 1647 poenam
1454 1556 1618 1623 hanc
1650 1567 1718 1621 ut
1745 1556 2093 1623 videamus.

446 1649 700 1722 Deinde
731 1669 1231 1724 commemorant
1257 1669 1563 1744 quantam
1594 1657 1917 1746 regionem
1949 1656 2355 1749 peragrarint,

617 1796 967 1885 Duplicem
999 1807 1179 1863 terrae
1212 1796 1487 1889 Europae

611 1894 920 1986 Asiaeque
950 1917 1259 1987 magnum
1288 1901 1628 1967 terminum
1658 1900 1919 1971 Phasin.

1511 2096 1593 2162 V.

444 2238 714 2306 GALEN.
748 2239 791 2308 1.
823 2259 879 2308 c.
967 2237 1310 2329 AEschylus
1336 2239 1403 2307 in
1435 2240 1843 2322 Prometheo,

613 2382 956 2450 Contende
986 2381 1102 2448 hac
1134 2385 1342 2448 recta:
1388 2385 1867 2474 quamprimum
1897 2383 2158 2474 quidem

614 2485 733 2550 Ad
767 2481 991 2550 Boreae
1019 2484 1262 2549 veneris
1293 2482 1495 2562 ssatus,
1541 2507 1691 2551 cave

619 2585 979 2652 Fremitum
1004 2586 1402 2673 ingruentem
1434 2606 1517 2649 ne
1547 2594 1609 2648 te
1640 2584 1834 2674 rapiat

616 2680 987 2750 Procelloso
1010 2683 1164 2749 flatu
1195 2684 1403 2752 statim
1430 2696 1740 2751 evertens.

1501 2879 1617 2946 VI.

625 3021 807 3090 Bene
838 3043 988 3091 cave
1018 3041 1099 3090 ne
1130 3018 1245 3089 tibi
1274 3023 1339 3088 in
1372 3019 1596 3088 faciem
1628 3022 1878 3089 incidat.

623 3124 849 3190 Gutta.

1486 3219 1639 3287 vn.

453 3370 720 3436 Sura.
755 3366 1029 3456 Byzant.
1084 3365 1133 3431 1.
1186 3388 1243 3431 c.
1338 3362 1426 3429 Et
1454 3361 1797 3453 AEschylus
1841 3363 1910 3431 in
1958 3364 2340 3434 Prometheo
2386 3364 2614 3435 Soluto
2649 3389 2747 3433 eos

369 3493 521 3536 cum
551 3470 640 3550 G,
689 3468 939 3535 Gabios
967 3477 1172 3532 vocat.

630 3608 892 3677 Deinde
922 3605 1178 3672 accedet
1205 3604 1285 3672 ad
1316 3603 1631 3693 populum
1654 3605 2064 3694 justissimum

624 3707 944 3774 Omnium
974 3705 1355 3783 mortalium,
1404 3716 1470 3770 et
1500 3706 1771 3771 maxime
1804 3705 2200 3796 hospitalem,

628 3808 915 3883 Gabios;
964 3807 1079 3873 ubi
1109 3830 1320 3893 neque
1351 3818 1625 3873 aratrum
1654 3829 1862 3896 neque

628 3907 791 3997 Ligo
819 3905 1157 3997 proscindit
1183 3918 1433 3985 terram,
1464 3928 1688 3974 verum
1715 3919 2059 3995 spontanea

629 4006 807 4072 Arva
836 4006 1171 4097 proferunt
1195 4005 1437 4075 vietum
1473 4005 1737 4074 uberem
1767 4009 2160 4075 mortalibus.

1499 4197 1660 4271 XII.

458 4303 701 4415 Locum
742 4347 1052 4415 illustrem
1096 4369 1179 4413 ex
1225 4343 1614 4416 Prometheo
1645 4345 1885 4428 Soluto,
1927 4345 2098 4436 apud
2129 4343 2537 4427 Ciceronem,
2582 4331 2744 4409 Attio

368 4450 731 4540 interprete,
775 4447 926 4518 vide
956 4468 1165 4536 supra.
