2909 4884
78 383 85 492 l

187 517 1121 622 AESCHYLI
1299 531 2513 632 TRAGOEDIA

411 811 1442 886 PROMETHEUS
1547 817 2218 894 VINCTUS.

1070 1019 1550 1088 IAMBI.

98 1177 127 1245 ἶ.
186 1215 305 1261 nos.
336 1211 393 1266 et
472 1150 618 1266 IN
651 1213 1011 1267 extremum
1040 1204 1296 1288 quidem
1325 1203 1621 1269 venimus
1652 1216 1830 1271 terrae
1861 1208 2089 1287 solum,

234 1319 346 1362 vis.

162 2407 312 2456 VULC.

465 1300 819 1388 Scythicam
849 1303 915 1367 in
945 1303 1134 1379 viam,
1183 1304 1391 1368 aviam
1422 1304 1490 1368 in
1523 1304 1946 1372 solitudinem.

451 1399 606 1467 Tibi
651 1424 822 1479 vero,
860 1402 1165 1479 Vulcane‚
1199 1415 1445 1489 oportet
1474 1426 1635 1468 curae
1665 1427 1796 1468 esse
1827 1406 2120 1474 mandata

451 1500 612 1585 Quas
642 1500 761 1566 tibi
795 1515 972 1589 pater
1001 1504 1335 1579 commisit,
1382 1503 1553 1568 hunc
1585 1503 1661 1567 ad
1697 1517 1900 1593 petras

445 1601 776 1667 Praecelsas
806 1602 1224 1690 populificum
1254 1615 1327 1668 ut
1356 1605 1759 1692 constringas,
2458 1630 2505 1693 5

448 1702 867 1768 Vinculorum
900 1703 1444 1769 adamantinorum
1477 1703 1841 1769 firmissimis
1871 1704 2122 1792 pedicis.

450 1801 671 1867 Tuum
703 1804 879 1867 enim
908 1803 1151 1879 florem,
1199 1804 1363 1891 ignis
1390 1804 1681 1869 omnium
1712 1804 1964 1869 artificis
1985 1804 2197 1891 jubar,

442 1900 604 1966 Cum
638 1900 979 1989 clepsisset,
1030 1902 1386 1968 hominibus
1417 1904 1652 1979 divisit;
1699 1903 2057 1991 hujusmodi
2087 1919 2303 1972 autem

446 1999 685 2065 Deliffi
714 2015 961 2087 oportet
990 2002 1197 2088 ipsum
1228 2003 1346 2068 diis
1376 2028 1595 2091 poenas
1626 2006 2002 2092 expendere,

442 2097 531 2166 Ut
562 2101 759 2165 discat
787 2101 962 2165 „lovis
990 2102 1327 2190 imperium
2419 2126 2495 2170 10

437 2196 599 2264 Boni
647 2200 993 2277 consulere,
1049 2213 1113 2266 et
1154 2202 1443 2268 desistere
1488 2225 1523 2268 a
1573 2202 1776 2267 studio
1821 2226 1967 2291 erga
2012 2203 2302 2270 homines

604 2298 939 2364 benevolo.

446 2396 670 2464 Robur
700 2414 763 2463 et
798 2399 925 2476 Vis,
959 2400 1163 2486 quoad
1197 2423 1306 2465 vos
1336 2401 1597 2486 quidem
1631 2400 2003 2465 mandatum
2033 2401 2209 2468 Jovis

436 2497 545 2565 Est
574 2500 956 2586 expeditum,
995 2523 1203 2586 neque
1237 2502 1590 2586 quidquam
1622 2500 1825 2566 adhuc
1860 2500 2312 2587 impedimento

596 2601 712 2664 fuit
739 2625 755 2664 :

432 2699 567 2789 Ego
600 2714 808 2765 autem
842 2724 971 2765 non
1004 2701 1277 2766 sustineo
1307 2710 1651 2788 cognatum
1682 2697 1877 2764 deum

428 2800 711 2887 Alligare
744 2823 855 2888 per
883 2802 1039 2877 vim,
1074 2804 1238 2888 rupis
1268 2802 1346 2865 ad
1379 2811 1768 2888 praeruptum
1799 2811 2315 2887 tempestuosum.
2399 2820 2422 2863 1
2438 2819 2474 2886 ς

423 2899 711 2965 Omnino
741 2922 891 2965 vero
921 2922 1174 2965 necesse
1205 2913 1297 2966 est
1327 2911 1394 2964 ut
1424 2899 1502 2962 ad
1536 2898 1667 2964 haec
1698 2920 1800 2961 me
1832 2897 2189 2963 obfirmem.

376 3045 391 3072 ,
437 2999 779 3088 Negligere
808 3002 981 3065 enim
1013 3001 1306 3065 mandata
1340 2999 1524 3087 patris
1557 3018 1742 3086 grave
1774 3009 1887 3061 est.

426 3098 752 3164 Themidis
785 3100 1371 3164 recte-consultricis
1402 3099 1494 3163 fili
1525 3099 2019 3183 altum-sapiens,

420 3199 696 3265 Invitum
727 3215 789 3265 te
819 3200 1048 3264 invitus
1079 3199 1403 3264 tenacibus
1435 3198 1823 3262 ferramentis

418 3301 845 3388 Compingam
877 3299 956 3363 ad
989 3300 1147 3364 hanc
1179 3299 1511 3364 solitariam
1541 3296 1949 3381 crepidinem,
2111 3343 2120 3348 -
2378 3312 2463 3360 20

414 3401 543 3468 Ubi
568 3425 775 3488 neque
796 3422 1039 3475 vocem,
1069 3419 1274 3485 neque
1295 3399 1672 3487 cujusquam
1694 3395 2056 3460 mortalium
2080 3392 2346 3462 formam

418 3501 693 3577 Videbis,
739 3500 847 3565 sed
878 3513 1071 3565 tostus
1102 3499 1339 3564 fervida
1369 3498 1513 3563 solis
1543 3496 1797 3561 flamma

414 3599 656 3666 Coloris
687 3599 975 3664 alter-abis
1003 3598 1224 3663 florem
1249 3624 1262 3662 :
1313 3599 1468 3686 quin
1500 3595 1733 3684 cupido
1763 3594 1880 3659 tibi

416 3699 563 3765 Nox
593 3701 899 3787 variegata
930 3695 1267 3763 occultabit
1298 3697 1527 3770 lucem,

413 3800 836 3886 pruinamque
868 3799 1243 3863 matutinam
1276 3818 1478 3861 rursus
1507 3793 1598 3858 sol
1631 3790 1991 3880 dissipabit;
2370 3810 2404 3854 2
2410 3811 2453 3874 5

412 3901 675 3989 Semper
704 3913 918 3965 autem
948 3898 1266 3985 praesentis
1295 3897 1444 3962 mali
1475 3896 1760 3962 molestia

414 3999 509 4067 Te
541 4001 867 4075 cruciabit,
914 4002 1058 4087 quia
1090 4001 1203 4085 qui
1235 4008 1592 4084 compescat
1622 3997 1740 4059 ista
1772 3992 2005 4058 nullibi
2039 4001 2150 4057 est.

412 4098 592 4166 Talia
621 4113 1049 4185 consequutus
1079 4122 1146 4163 es
1174 4097 1260 4164 ob
1296 4097 1646 4162 humanum
1671 4095 2002 4183 ingenium
2033 4105 2231 4158 tuum.

414 4196 591 4265 Deus
615 4200 795 4265 enim
818 4219 966 4262 cum
998 4221 1180 4273 esses,
1206 4220 1324 4262 nec
1352 4198 1510 4261 iram
1541 4195 1807 4259 deorum
1830 4193 2316 4281 pertimesceres,

414 4297 789 4366 Mortalibus
822 4298 979 4362 ultra
1012 4298 1104 4361 fas
1130 4296 1385 4364 divisisti
1419 4295 1606 4360 dona.
2360 4310 2448 4376 30

407 4398 806 4489 Quapropter
835 4398 997 4463 hanc
1026 4395 1441 4462 inamabilem
1471 4393 1775 4460 custodies
1803 4402 2044 4479 petram

405 4498 686 4580 Erectus,
714 4500 1061 4575 insomnis,
1111 4519 1239 4561 non
1273 4495 1536 4559 flectens
1565 4515 1758 4582 genu.

1276 4619 1325 4679 R
1377 4622 1422 4679 2
