2909 4884
302 366 504 434 CUM
552 362 827 432 No'rls
872 363 1255 432 VARIOR.
1292 364 1407 432 ET
1450 366 1850 435 BUTLERI
1898 366 2194 437 CRITT.
2361 382 2440 438 51

96 546 220 591 raro
272 523 595 602 delectari,
639 536 708 587 et
762 521 873 587 hic
919 522 1185 608 quidem
1245 523 1406 588 mihi
1467 523 1678 611 magis
1721 518 2028 590 arrideret
2079 533 2137 591 τὸ
2199 527 2442 592 Pauwii

96 616 442 694 agor-ahma.
556 609 801 675 Jerem.
844 608 1085 675 Threu.
1138 610 1231 674 iii.
1273 620 1367 674 12.
1412 614 1664 681 Ἐς-ἦλυσί
1710 643 1771 689 με
1821 623 1880 684 ὣς
1925 620 2106 676 σκέπον
2158 622 2221 683 εἰς
2276 622 2442 686 βέλος.

100 698 181 763 Eli
225 697 466 762 aiz-sibi
524 696 752 761 lector.
828 696 1187 761 Monam..
1317 697 1494 784 Lege
1549 701 1930 780 σςοσίλόμυοι.
2016 700 2126 763 Sic
2179 703 2448 765 omnino

99 722 477 850 scrizendum
505 805 656 847 cum
688 806 719 845 s
767 782 916 847 iritu
946 806 1196 872 aspere,
1215 799 1283 848 et
1304 785 1854 872 pronuntiandum
1875 784 2450 871 proslzeloumenon,

100 870 181 935 vel
231 871 443 958 potius
496 890 714 957 prosve
740 890 1062 935 oumenon.
1157 869 1453 956 Spiritus,
1517 893 1711 956 quem
1771 893 1945 937 nunc
1998 896 2280 959 asperum
2337 897 2453 939 vo-

98 981 312 1036 camuS,
364 957 523 1022 olim
576 957 762 1021 litera
816 957 961 1034 fuit,
1027 980 1224 1043 quam
1284 959 1564 1021 scribere
1622 957 1937 1022 solebant.
2024 961 2175 1025 Sive
2235 976 2453 1026 autem

101 1045 237 1109 illius
268 1045 467 1109 literae
500 1042 709 1108 forma
739 1042 932 1107 fuerit
962 1046 1188 1108 eadem
1223 1043 1514 1130 AEschyli
1547 1066 1687 1109 aevo
1718 1066 1864 1131 quae
1896 1062 1939 1108 Ε
1969 1046 2172 1134 longi,
2215 1048 2348 1112 sive
2380 1063 2452 1127 H,

99 1148 188 1194 seu
232 1133 561 1219 digamma
607 1129 958 1209 AEolieum,
1003 1131 1179 1215 quod
1211 1132 1645 1195 diversimode
1680 1154 1799 1218 pro
1831 1133 2021 1197 variis
2053 1135 2453 1221 temporibus

101 1218 420 1282 formatum
466 1218 613 1296 fuit,
658 1217 815 1282 illud
871 1233 1148 1295 constat,
1191 1218 1652 1305 aspirationem
1700 1219 1870 1305 apud
1922 1236 2167 1283 veteres
2214 1226 2303 1284 ita
2344 1242 2457 1285 ore

96 1320 153 1367 et
192 1305 351 1391 stylo
403 1324 774 1390 expressam
828 1302 1024 1368 fuisse
1071 1319 1143 1370 ut
1195 1305 1611 1369 consonantis
1663 1304 1865 1368 literae
1913 1320 2296 1393 potestatem
2341 1307 2457 1370 ha-

102 1391 275 1471 beret,
317 1391 712 1477 quandoque
740 1388 939 1455 etiam
972 1391 1271 1478 duplicis,
1316 1392 1407 1455 ita
1450 1406 1524 1455 ut
1552 1390 1795 1477 syllaba
1824 1412 1933 1455 seu
1966 1392 2206 1457 vocalis
2250 1394 2459 1457 brevis

99 1494 380 1563 sequente
425 1475 613 1541 litera
664 1491 1019 1564 asperante·
1059 1500 1169 1542 seu
1232 1477 1653 1564 digammate,
1714 1476 2216 1565 produceretur3
2275 1479 2454 1564 quod

102 1565 235 1647 quin
278 1564 385 1629 hic
433 1562 683 1627 factum
736 1564 821 1628 sit
861 1563 1291 1629 dubitandum
1340 1586 1472 1630 uon
1530 1579 1647 1629 est.
1740 1563 1949 1630 Nullis
1995 1566 2212 1651 itaque
2265 1565 2462 1630 inter-

103 1649 517 1736 polationibus
546 1672 709 1736 opus
737 1664 835 1714 est
866 1666 937 1714 ut
964 1666 1147 1716 recto
1191 1653 1358 1738 pede
1389 1666 1513 1716 stet
1544 1672 1782 1728 versus,
1828 1673 1952 1716 nec
1984 1674 2132 1716 cum
2167 1651 2459 1717 Heathio

102 1765 149 1809 γε
188 1737 715 1802 interserendum.
809 1734 995 1801 Idem
1046 1737 1216 1802 infra
1260 1738 1517 1804 obtinet
1563 1745 1841 1816 *1092
1901 1738 2129 1803 ultima
2179 1740 2246 1802 in
2301 1759 2462 1803 voce

102 1829 202 1884 ιὸη»
226 1823 608 1911 producitur
634 1825 722 1888 ob
746 1823 1201 1909 aspirationem
1234 1824 1424 1889 initio
1453 1825 1782 1911 sequentis
1812 1826 1991 1889 vocis
2017 1850 2032 1891 ε

592 1917 839 1991 ingatii<
879 1913 1112 1995 ζάπυροι,
1163 1911 1365 1993 ςςόμςοι
1408 1916 1458 1975 δῖ
1500 1922 1618 1976 no‘m

590 2005 886 2062 Εἶλίσσυσο.

106 2078 604 2147 pronuntiabant
657 2081 1025 2147 Veiliaeottsi.
1116 2083 1298 2149 Hinc
1350 2096 1446 2147 est
1497 2084 1671 2169 quod
1721 2084 1790 2147 in
1843 2083 2294 2171 supplemento
2346 2106 2468 2148 no·-

103 2180 287 2234 tarum
333 2169 419 2234 ad
472 2167 698 2257 Eurip.
744 2169 957 2235 Orest.
1008 2182 1068 2246 γ.
1097 2178 1279 2235 1284.
1334 2171 1474 2234 dixi
1533 2184 1776 2234 temere
1833 2169 2111 2235 fulcrum
2170 2171 2466 2236 additum

104 2252 294 2336 fuisse,
337 2269 409 2320 et
438 2269 617 2320 recte
648 2278 715 2320 se
746 2256 983 2321 habere
1007 2258 1310 2322 codicum
1342 2256 1747 2343 scripturam,

594 2349 661 2405 Τί
702 2350 963 2418 μίλλιθόἶ
1006 2353 1119 2407 κατ’
1142 2345 1267 2406 οἶκον
1311 2353 1352 2405 ἰν
1397 2349 1618 2425 ἦσυχῖᾳ.
2451 2380 2460 2387 ·

107 2423 605 2492 Pronuntiabant
689 2426 1008 2494 Ve'suchia.
1135 2428 1306 2494 Vide
1362 2428 1580 2493 Alexii
1665 2427 2042 2515 Symmachi
2131 2427 2467 2495 Mazochii

106 2510 461 2578 Commeat.
514 2515 579 2578 in
637 2514 991 2581 Herculani.
1035 2515 1335 2593 Tabulas»,
1380 2538 1446 2603 p.
1483 2516 1623 2580 1¹26.
1683 2531 1750 2578 et
1799 2515 1947 2580 Ric.
1983 2514 2233 2580 DaweS.
2268 2514 2468 2585 Misc.

107 2597 251 2663 Crit.
291 2602 417 2686 §4
464 2603 575 2665 ubi
609 2602 695 2666 de
722 2619 943 2666 nostro
973 2605 1172 2669 etiam
1217 2603 1364 2667 loco
1401 2603 1561 2688 agit,
1605 2626 1670 2689 p.
1701 2603 1844 2666 162.
1928 2607 2287 2683 Πςοσὶλέμιιω
2313 2624 2469 2672 vero

105 2684 294 2771 glossa
351 2688 815 2774 interpretatur
879 2690 1192 2772 ῦςςιζόμσων.
1301 2689 1577 2776 Propius
1640 2689 1722 2752 ad
1785 2688 2267 2776 Etymologiam
2333 2688 2472 2757 He?

106 2772 646 2856 sychiusmgmm,
671 2778 1054 2859 ωςοπηλαιίζιι.
1118 2775 1472 2840 Bam-tex.
1561 2779 1918 2857 Πςοσελέμυω
1951 2775 2193 2841 habent
2220 2775 2471 2856 Ask.A,

108 2857 349 2924 Schutz.
441 2864 805 2943 Πςοσηλέμυω
836 2860 1105 2925 Cant.l.
1132 2871 1195 2926 2.
1241 2861 1527 2948 Guelph.
1615 2865 1985 2945 Πςοσηλέμυω
2027 2864 2223 2926 etiam
2266 2862 2475 2927 edidit

110 2942 436 3034 H.Steph.
471 2946 538 3010 in
590 2945 865 3012 Delectu
885 2946 1406 3036 Tragoediarum‚
1443 2949 1625 3019 1567.
1672 2970 1868 3034 quam
1911 2947 2258 3014 lectionem
2292 2948 2477 3013 Mar-

108 3031 229 3115 gini
249 3033 406 3097 edit.
431 3032 690 3099 Canter.
717 3035 1059 3122 adscripsit
1086 3034 1438 3099 BentleiuS.
1514 3039 1909 3117 Πςοσιῒηλέμοοι
1928 3033 2214 3119 conjecit
2236 3034 2475 3101 Askerr-

108 3117 205 3181 sed
263 3118 419 3185 illud
481 3118 813 3208 digamma
865 3122 928 3184 in
986 3137 1301 3185 aeternum
1348 3120 1618 3184 exilium
1657 3143 1697 3184 a
1740 3119 2164 3206 Tragicorum
2213 3121 2477 3186 senariis

108 3203 483 3269 mittendum
533 3222 645 3270 est.
742 3206 847 3271 De
897 3208 1045 3273 loco
1093 3229 1287 3293 quem
1325 3207 1640 3271 excitavit
1684 3205 2048 3271 Brunckius
2078 3229 2162 3270 ex
2207 3207 2332 3271 hac
2382 3206 2479 3271 fa-

108 3287 240 3354 bula
290 3314 452 3356 mox
503 3294 885 3371 videbimus»,
931 3294 997 3358 in
1030 3292 1245 3358 Orest.
1275 3305 1334 3369 γ.
1370 3301 1554 3358 1284.
1585 3307 1860 3357 metrum
1912 3293 1931 3355 i
2027 3293 2235 3358 oravit
2266 3292 2363 3357 vir
2391 3292 2476 3358 cl.

110 3390 169 3438 et
222 3399 336 3463 pro
390 3381 644 3443 senario
684 3380 925 3445 habuit
980 3380 1345 3467 A‘synartet.
1394 3402 1476 3443 ex
1534 3378 1743 3443 lamb.
1805 3314 2025 3466 penffi
2088 3393 2154 3444 et
2217 3377 2481 3467 Dactyl.

110 3463 357 3546 penth.;
403 3466 514 3530 sed
546 3467 691 3531 haec
723 3469 888 3532 adeo
919 3484 1066 3530 sunt
1104 3467 1466 3542 manifesta,
1514 3481 1588 3529 ut
1632 3467 1697 3530 in
1732 3464 1808 3529 iis
1854 3464 2207 3531 refutandis
2237 3488 2364 3531 non
2400 3467 2484 3531 sit

111 3550 270 3631 quod
305 3551 745 3618 immoremur.
842 3554 1066 3640 Longe
1112 3553 1340 3618 meiius
1392 3553 1708 3617 Askevius
1757 3570 1912 3616 mox
1943 3552 2289 3640 legendum
2334 3574 2486 3640 pro-

110 3636 279 3718 ponit
302 3643 690 3721 σςυσιλέμυοι.
784 3640 859 3705 In
892 3640 963 3703 M
973 3662 1107 3726 arg.
1136 3640 1283 3704 Ald.
1310 3640 1653 3727 adscripsit
1673 3639 1984 3726 interpres
2016 3638 2284 3704 Graecus
2314 3668 2483 3721 σςοσ-

112 3725 386 3803 rmus,
430 3725 742 3809 ὖςςιζίμειον,
789 3728 968 3813 quasi
1018 3730 1525 3809 προπηλακιζόμενον,
1569 3739 1637 3790 et
1690 3746 1919 3789 vocem
1966 3733 2141 3791 mrim
2186 3726 2487 3811 agnoscit

118 3804 197 3869 H.
225 3808 453 3898 Steph.
506 3813 573 3875 in
619 3810 972 3879 Thesaum.
1070 3817 1499 3896 Πςισσιλλέμηω
1554 3810 1754 3876 Turn.
1840 3810 2265 3876 Tentaveram
2329 3812 2488 3877 olim

114 3898 462 3975 ηιξειέμιηι,
508 3897 604 3961 vel
652 3905 1028 3983 σςεξηυμίων,
1075 3898 1265 3963 facile
1308 3901 1484 3963 enim
1534 3916 1574 3961 Ξ
1602 3912 1669 3961 et
1696 3914 1746 3959 Ν
1775 3898 1844 3960 in
1876 3914 1914 3961 Σ
1947 3912 2014 3960 et
2055 3916 2104 3960 Α
2134 3912 2486 3978 mutantur,

116 3994 174 4041 et
204 4000 426 4066 postea
453 3989 837 4067 σςυγελέμυον,
882 4007 1031 4048 nam
1079 3998 1345 4064 σςεγελιῖυ
1392 4000 1491 4048 est
1539 3983 1876 4069 Hesycbio
1911 3987 2321 4063 σςοτηλακΐζευ,
2352 3986 2491 4066 begi-

114 4065 218 4161 ζιςν,
258 4070 371 4134 sed
420 4069 637 4133 Iocum
685 4071 1024 4159 expedivit
1070 4070 1251 4135 Pors.
1282 4069 1560 4160 legendo
1604 4072 1987 4152 ωςεσιλέμυω,
2032 4071 2205 4156 quod
2239 4085 2306 4135 et
2337 4084 2490 4136 ante

118 4152 338 4218 vidisse
366 4156 622 4223 videtur
652 4157 988 4222 AskeviuS.
2159 4231 2168 4241 ,

196 4249 424 4315 2489.
470 4249 669 4310 ΗΤΩ.
748 4248 821 4309 Ἢ
871 4249 964 4322 ἐγ.)
1016 4243 1192 4308 Rob.
1254 4242 1486 4309 vitiose
1545 4263 1757 4327 neque
1815 4242 1988 4306 enim
2050 4242 2302 4307 hiatum
2363 4241 2490 4308 fert

120 4343 339 4388 versus.

201 4420 257 4483 r.
286 4422 432 4479 440.
492 4419 660 4480 AAA’
688 4429 888 4480 Ait-TA
930 4430 1108 4479 zlrn.
1195 4414 1369 4478 Ἀλλὰ
1413 4426 1586 4480 ταῦτα
1622 4421 1710 4496 μὶ»
1752 4425 1880 4493 σιγῦ
1918 4413 2077 4479 Ask.
2107 4414 2186 4479 C.
2231 4414 2399 4480 Ven.
2424 4424 2487 4495 2,

124 4497 285 4579 quod
367 4500 636 4566 lossema
672 4517 771 4568 est
799 4515 1116 4591 apertum.

206 4579 303 4651 Ibi
354 4632 370 4651 .
413 4605 537 4655 KAl
582 4606 712 4656 rAP
757 4584 1147 4657 ΕΙΔΉΑΙΣιὲ
1192 4602 1325 4654 AN.
1416 4588 1802 4678 Legeudum·
1855 4585 2167 4673 suspicor,
2224 4590 2334 4650 Ka>
2390 4590 2492 4674 φὰς
