2909 4884
369 342 644 411 NOTAE
688 341 967 411 VARR.
1017 341 1132 409 ET
1176 340 1579 409 BUTLERI
1626 339 2205 410 PHILOLOGG.
2366 349 2488 416 199

121 499 440 580 Miltonus„
486 500 635 565 Par.
664 497 904 564 Amiss.
937 496 993 563 Ι.
1039 500 1192 565 260.

431 586 610 652 Here
650 608 739 650 we
779 608 927 673 may
970 586 1063 649 rei
1107 609 1150 651 n
1190 607 1437 651 secure.-
1495 583 1647 665 and,
1689 584 1761 649 in
1803 605 1908 672 my
1951 582 2179 663 clinice,

436 671 527 738 To
569 671 750 760 reign
793 673 848 736 is
887 608 1106 738 ωοτίἕ
1132 672 1465 750 ambition,
1512 671 1749 760 though
1792 672 1863 735 in
1909 668 2071 736 Hell
2086 695 2105 734 .-

436 757 664 824 Better
706 769 771 823 to
815 757 998 845 reign
1040 759 1111 824 in
1159 757 1340 838 Hell,
1383 758 1543 824 than
1583 780 1752 823 serve
1793 757 1863 822 in
1912 757 2204 823 Heaven.

116 843 330 911 Mason
361 845 424 910 in
457 846 664 911 nobili
692 845 1024 932 tragoedia
1050 845 1159 909 cui
1192 845 1414 910 titulus
1446 843 1843 910 Caractacns
1871 866 1889 908 ε

436 931 615 996 Thou
656 942 762 995 art
805 953 844 994 a
894 930 1097 1021 King‚
1142 954 1184 997 a
1225 931 1546 1019 sovereign
1589 953 1735 995 over
1775 952 1959 1009 men,·

437 1017 486 1082 I
518 1042 622 1083 am
660 1041 702 1081 α
752 1015 994 1097 Druid,
1037 1028 1288 1083 servant
1332 1017 1418 1100 of
1447 1018 1551 1082 tlte
1599 1016 1810 1094 God33

431 1104 600 1169 Such
642 1104 873 1168 service
914 1103 967 1167 is
1010 1106 1206 1170 above
1245 1105 1393 1169 such
1432 1104 1847 1192 sovereignty.
1998 1101 2043 1168 J
2052 1123 2170 1167 Ac.
2197 1101 2433 1170 ΤΑΤΕ.

180 1201 237 1266 γ.
264 1198 413 1265 971.
478 1207 725 1255 ΧΛῙΔΩ.
814 1191 1010 1263 Quod
1075 1193 1428 1256 subamarae
1491 1190 1807 1255 Mercurii
1863 1190 2201 1276 quaestioni
2251 1191 2346 1255 sic
2377 1212 2477 1255 re·

110 1277 385 1374 spondet,
418 1291 491 1341 ut
519 1299 588 1341 se
619 1277 718 1341 his
742 1275 1018 1341 fortunis
1042 1278 1348 1343 delectari
1371 1295 1592 1367 neget,
1625 1276 1692 1341 id
1716 1276 1927 1364 ipsum
1953 1277 2474 1362 magnitudinem

108 1384 229 1447 ejus
282 1364 481 1428 animi
548 1364 612 1426 in
673 1363 944 1428 clariore
1002 1362 1147 1429 luce
1207 1364 1415 1451 ponit.
1552 1363 1810 1428 Etenim
1872 1363 1922 1426 si
1986 1383 2117 1426 non
2177 1364 2478 1428 sensisset

107 1447 431 1529 molestias,
477 1447 730 1514 facilior
772 1450 830 1513 ei
879 1450 1106 1514 fuisset
1148 1449 1411 1515 ferocia.
1505 1450 1703 1515 Nunc
1750 1470 1899 1513 cum
1948 1469 2015 1512 se
2055 1450 2474 1515 acerbissimo

106 1535 398 1601 malorum
449 1558 635 1601 sensu
684 1535 837 1623 angi
887 1536 1060 1600 haud
1109 1536 1483 1616 diffiteatur,
1532 1558 1655 1600 nec
1708 1551 1924 1600 tamen
1990 1534 2139 1599 ideo
2189 1535 2473 1601 inimicis

106 1643 164 1685 se
190 1623 542 1701 submittat,
587 1623 698 1686 sed
745 1623 824 1687 iis
867 1622 1132 1687 illudere
1177 1636 1247 1687 et
1285 1623 1453 1687 male
1496 1623 1744 1710 precari
1788 1636 2041 1710 pergat,
2080 1643 2355 1709 magnus
2387 1624 2470 1688 ad

105 1706 483 1774 fortitudinis
531 1709 1080 1774 existimationem
1129 1710 1426 1773 cumulus
1473 1709 1750 1774 accedit.
1871 1709 2196 1772 Scnurz.

174 1808 228 1868 γ.
253 1804 403 1868 975.
447 1809 850 1860 ΠΑΘΟΝΤΕΣ
894 1812 1005 1860 Er.
1090 1795 1342 1862 Alludit
1369 1796 1452 1861 ad
1499 1819 1645 1881 quae
1678 1817 1871 1882 supra
1899 1794 2177 1874 dixerat,
2229 1807 2288 1870 γ.
2319 1803 2471 1869 2¹9·

102 1892 160 1942 et
211 1903 386 1967 seqq.
464 1882 546 1947 de
614 1882 743 1945 suis
808 1895 1050 1947 contra-
1095 1882 1363 1947 rebelles
1421 1881 1688 1947 Titanas
1745 1880 2032 1946 consiliis
2089 1903 2239 1946 cum
2298 1881 2471 1947 Jove

103 1969 460 2054 caeterisque
510 1966 656 2032 Diis
705 1967 1226 2034 communicatis·
1344 1967 1673 2033 Scmrrz.

176 2067 229 2117 v.
257 2057 410 2127 976.
478 2069 674 2119 ΚΛΥΩ
719 2053 780 2118 Σ’
809 2070 968 2119 Em.
1085 2053 1308 2119 Schol.
1359 2057 1446 2119 A‘.
1528 2053 1824 2142 exponit,
1901 2065 1985 2118 νοῦ
2056 2083 2114 2115 σι
2186 2061 2467 2134 μεμηνότα.

102 2136 303 2205 Schol.
352 2144 430 2206 B‘.
503 2146 634 2204 κλύω
695 2141 1151 2226 interpretatur
1208 2144 1540 2218 αἰσθάνομαι.
1661 2139 1953 2238 Hesych.
2025 2146 2222 2203 Κλύω·
2281 2144 2470 2221 dahas»,

99 2230 427 2290 οῖσθάησθω.
518 2227 606 2292 Ut
643 2249 792 2294 vcro
835 2226 901 2290 h.
933 2226 973 2290 l.
1015 2232 1144 2290 κλύω
1181 2226 1357 2290 idem
1389 2226 1558 2290 valet
1587 2226 1763 2311 quod
1794 2224 2104 2312 intelligo,
2144 2226 2237 2289 sic
2268 2226 2468 2292 etiam

97 2313 236 2376 daeo.
323 2313 595 2378 Lucien-
631 2314 693 2377 in
731 2313 1001 2378 Parasit.
1037 2335 1096 2377 c.
1117 2334 1182 2376 x.
1227 2316 1355 2376 0133}
1383 2316 1487 2397 γὰς
1513 2317 1608 2376 οἷὸν
1634 2343 1688 2376 τε
1719 2315 1884 2375 &niun
1912 2319 2092 2390 αὗτόι,
2120 2314 2192 2390 μὲ
2213 2316 2471 2386 πολλάκις

96 2409 358 2479 mptum,
424 2421 618 2485 neque
664 2400 829 2463 enim
869 2398 1020 2463 satis
1057 2408 1310 2484 possunt
1359 2397 1638 2486 intelligi
1679 2397 1802 2462 nisi
1842 2398 2058 2485 saepius
2104 2397 2466 2464 recitentur.

101 2480 283 2550 Hunc
336 2485 604 2572 quidem
657 2486 924 2551 Luciani
952 2484 1168 2550 locum
1201 2499 1579 2572 corruptum
1613 2506 1751 2550 esse
1781 2486 2140 2582 suspicatur
2170 2483 2467 2567 Solanus,

95 2583 155 2633 et
198 2588 346 2658 post
395 2593 546 2637 eum
599 2572 915 2651 Reitzius,
981 2572 1160 2657 quod
1203 2573 1475 2637 verbum
1524 2574 1663 2635 ἅκέυ
1756 2592 1828 2634 ro
1874 2568 2228 2657 intelligere
2276 2593 2467 2636 sensu

139 2653 269 2722 lane
351 2658 662 2723 inusitato
737 2658 1122 2746 accipiatur,
1202 2672 1272 2724 et
1346 2657 1615 2744 quidem
1698 2594 1978 2722 ssudaeus
2052 2656 2121 2720 in
2200 2654 2464 2725 Comm.

150 2742 204 2807 'n
256 2791 271 2808 .
316 2743 536 2811 Graec.
588 2746 841 2810 duobus
895 2757 1148 2809 tantum
1199 2743 1437 2809 Galeni
1492 2743 1654 2809 locis
1699 2742 1868 2808 hanc
1917 2742 2465 2830 significationem

93 2850 205 2894 con
256 2844 445 2896 rmat.
531 2831 625 2896 At
669 2853 823 2896 vero
870 2830 1113 2896 Noster
1156 2853 1351 2919 supra
1393 2831 1585 2910 dixit,
1628 2842 1689 2906 γ.
1713 2838 1865 2900 447.
1920 2835 2145 2902 amone<
2187 2836 2253 2893 ἐκ
2295 2832 2467 2911 ὅκκα»,

94 2912 133 2978 i.
163 2937 220 2981 e.
271 2940 399 2981 non
458 2915 936 3005 intelligebant:
1000 2935 1070 2983 et
1127 2919 1301 3005 apud
1363 2918 1727 3005 Scriptores
1782 2916 2018 2981 Sacros
2076 2916 2275 2980 etiam
2333 2916 2463 2984 hoc

95 3003 346 3068 verbum
391 3004 668 3068 eandem
713 3004 766 3070 si
863 3003 1261 3070 ificationem
1311 3003 1590 3082 obtinet,
1633 3002 1810 3089 quod
1854 3001 2152 3067 idiomati
2183 3024 2301 3067 suo
2330 3025 2466 3070 non

92 3103 181 3151 est
225 3091 664 3155 tribuendum.
768 3026 884 3154 ῗῗῑ
909 3090 1085 3176 apud
1119 3088 1208 3153 D.
1237 3089 1420 3155 Paul.
1478 3100 1498 3153 l
1541 3087 1696 3154 Cor.
1720 3088 1855 3152 xiv.
1887 3097 1952 3153 2.
2017 3091 2144 3160 ἑδιὶς
2169 3092 2272 3171 γὰρ
2300 3094 2465 3156 οἰκέει.

97 3170 175 3237 D.
205 3173 420 3241 Marc·
447 3176 540 3241 ix.
575 3183 683 3241 33.
742 3179 899 3247 nno-*x
939 3179 1166 3242 ι’δῦτιυτο
1209 3180 1395 3241 ἀκέων.
1490 3173 1841 3242 D.Joann.
1866 3176 1950 3240 Vi·
1982 3175 2090 3241 60.
2142 3183 2349 3257 σκληρός
2390 3186 2465 3246 irs

86 3260 240 3328 ὖτοςὸ
265 3270 428 3339 λόγος·
476 3268 556 3334 τίς
582 3265 789 3328 δύναται
820 3270 957 3326 ain-z
983 3264 1171 3326 οἰκέειν.
1289 3261 1515 3326 GIAC.

166 3359 224 3412 t.
252 3357 405 3422 979.
466 3362 675 3416 ΩΜΟΙ.
788 3348 1130 3435 Sapienter
1175 3348 1459 3446 tragicus
1509 3343 1707 3412 semel
1755 3343 1869 3412 hic
1920 3345 2464 3434 ingemiscentem

89 3428 542 3500 Prometheum
596 3435 904 3512 ostendit,
965 3449 1040 3498 ut
1079 3432 1599 3533 magnitudinem
1648 3431 1944 3498 dolorum
1993 3433 2470 3520 animadvertat

90 3539 116 3577 s
237 3536 430 3600 tator,
475 3522 586 3607 qui
618 3522 704 3598 ei,
746 3522 1042 3606 quamvis
1073 3521 1302 3599 invito,
1347 3521 1612 3585 tandem
1640 3519 2467 3609 gemitumexpresserinm

89 3602 109 3664 i
199 3608 376 3691 quod
427 3608 596 3673 hanc
647 3608 778 3672 vim
825 3607 1044 3686 habet,
1107 3623 1181 3670 ut
1226 3607 1423 3672 animi
1475 3608 1671 3671 robur
1701 3623 1771 3670 et
1796 3627 2182 3694 generosum
2212 3623 2467 3692 pectus,

88 3695 255 3774 quod
291 3709 541 3759 tantum
575 3693 762 3760 malis
787 3693 895 3759 ine
925 3707 1238 3780 opponat,
1280 3716 1360 3757 eo
1391 3694 1602 3781 magis
1633 3693 2008 3760 admiretur.
2138 3692 2467 3761 Scnu'rz.

163 3789 399 3853 γ.984.
465 3797 589 3845 ΚΑΙ
647 3796 805 3844 mm
868 3789 940 3844 τ’.
1077 3778 1243 3845 Haec
1301 3781 1500 3844 verba
1556 3777 1623 3844 h.
1657 3778 1698 3843 Ι.
1752 3778 1937 3845 aliter
1995 3793 2324 3868 ponuntur
2382 3804 2464 3848 ac

87 3873 320 3937 2981.
387 3865 491 3931 lbi
539 3867 714 3934 enim
763 3865 1242 3952 significabant,
1296 3865 1501 3951 atqui,
1544 3875 1847 3945 attamen,
1892 3881 1959 3930 et
2004 3866 2467 3954 exceptionem

84 3948 498 4018 affirmationi
575 3952 933 4039 generatim
996 3952 1425 4038 pronuntiatae
1488 3953 1941 4040 opponebant,
2082 3949 2176 4015 H.
2208 3951 2249 4016 l.
2308 3975 2465 4018 vero

84 4033 248 4101 inest
293 4040 630 4104 concessio
672 4038 812 4122 ejus
858 4038 1038 4124 quod
1081 4039 1164 4102 ab
1201 4036 1405 4103 altero
1436 4037 1686 4102 dictum
1717 4052 1876 4116 erat,
1923 4035 2149 4102 addita
2177 4038 2463 4126 oppositi

77 4122 326 4188 ratione
389 4125 658 4205 ironica,
732 4147 797 4209 q.
826 4125 892 4190 d.
962 4121 1116 4188 Non
1170 4119 1415 4203 errasti,
1486 4146 1582 4188 me
1642 4121 1799 4188 Jovi
1854 4121 2022 4188 nihil
2077 4145 2288 4188 eoram
2331 4148 2468 4213 quae

78 4207 228 4272 scire
285 4209 434 4275 velit
490 4211 843 4285 dicturum3
910 4208 1192 4296 quamvis
1260 4210 1318 4275 ei
1368 4221 1631 4297 propter
1699 4209 2016 4296 beneficia,
2085 4209 2309 4296 quibus
2369 4235 2467 4278 me

81 4291 308 4377 affecit,
346 4295 705 4386 gratificari
734 4295 1036 4361 deberem.
1168 4297 1493 4362 Senu'rz.
1610 4315 1616 4322 ·

168 4379 338 4447 Ibid.
382 4393 674 4448 ’rmom’
705 4398 913 4448 Arra·
956 4398 1187 4448 xAPm.
1311 4383 1402 4448 Ut
1468 4385 1537 4447 in
1589 4381 1827 4470 Agam.
1869 4393 1929 4457 γ.
1958 4389 2106 4448 830.
2175 4397 2245 4448 et
2288 4406 2465 4472 saepe

77 4464 257 4532 alibi.
368 4472 754 4535 Anasscn.

161 4564 223 4627 γ.
257 4563 408 4630 990.
481 4571 737 4622 Atticm
805 4570 1298 4707 ArMANTt-lgA.
1452 4551 1721 4620 Vincula
1792 4576 2009 4641 corpus
2072 4552 2466 4643 affligentia,

1220 4696 1323 4796 θ’
1378 4703 1454 4797 ⁴⁴«.

1214 4827 1239 4853 0
1261 4799 1460 4857 orreo,

1245 4871 1276 4884 „i
1391 4867 1432 4884 Δ
