2909 4884
83 801 131 868 11.
166 824 374 870 ocem.

153 2402 325 2455 nou.

606 341 1994 418 PROMETH.V1NCTU3.
2393 361 2504 434 131

447 503 774 591 Campum
803 501 1161 578 volucrum,
1209 499 1287 566 ad
1324 521 1605 586 asperam

443 603 639 670 Hanc
669 614 898 668 terram
928 602 1157 667 accedo
1188 624 1203 664 τ
1251 601 1411 686 quin
1442 613 1585 665 tuos
1615 599 1862 665 labores

446 703 659 793 Cupio
685 704 928 792 integre
959 723 1359 791 cognoscere.

459 802 671 869 Venio
701 802 970 890 longum
998 801 1237 865 itineris
1267 800 1541 886 spatium

441 901 779 979 Emensus,
824 899 1232 978 Prometheu,
1278 900 1358 966 ad
1388 911 1471 978 te,
2375 900 2503 984 285

443 1000 646 1068 Hunc
676 1002 893 1067 alitem
924 999 1250 1066 velocibus
1280 1000 1508 1086 pennis

442 1102 723 1192 Imperio
751 1102 889 1168 sine
920 1099 1150 1189 lupatis
1180 1098 1598 1187 gubernando
1624 1124 1641 1164 :

440 1202 613 1269 Scias
642 1224 795 1268 vero
822 1223 929 1268 me
959 1201 1235 1287 compati
1267 1200 1412 1264 sorti
1442 1212 1591 1265 tuae.

438 1303 551 1369 Ad
584 1303 705 1369 hoc
734 1302 927 1378 enim,
974 1300 1255 1379 arbitror,
1302 1324 1406 1366 me
1448 1302 1739 1390 cognatio

439 1404 764 1493 Impellit:
814 1415 879 1468 et
908 1413 1081 1468 extra
1113 1424 1334 1491 genus,
2372 1420 2501 1483 290

438 1505 597 1571 Non
627 1517 723 1570 est
750 1503 854 1570 cui
884 1502 1150 1590 potiores
1183 1512 1385 1589 partes

435 1603 861 1692 Impartirem,
894 1602 991 1667 cui
1016 1600 1162 1692 plus
1191 1601 1482 1689 deferam,
1528 1622 1724 1689 quam
1754 1599 1894 1666 tibi.

439 1707 658 1792 Quam
687 1726 835 1770 vera
865 1702 999 1768 haec
1029 1702 1156 1767 sint
1184 1722 1544 1789 cognosces,
1577 1722 1791 1789 neque
1819 1699 2048 1767 frustra

437 1803 829 1871 Adblandiri
858 1825 1076 1867 meum
1108 1811 1217 1866 est.
1267 1800 1576 1889 Agedum

440 1906 659 1973 Indica
686 1907 754 1970 in
784 1927 913 1993 quo
944 1904 1027 1968 sit
1054 1901 1175 1967 tibi
1204 1900 1720 1967 succurrendum.
2368 1918 2499 1985 295

443 2004 808 2090 Nunquam
847 2002 1022 2068 enim
1052 2000 1220 2066 dices
1250 2000 1427 2086 quod
1457 1999 1722 2066 Oceano

440 2102 716 2171 Firmior
741 2102 857 2169 tibi
886 2102 963 2169 sit
991 2101 1251 2167 amicus.

1056 2255 1541 2324 IAMBI.

440 2387 618 2467 Heu,
654 2385 817 2478 quid
846 2385 967 2452 hoc
1000 2386 1087 2451 rei
1111 2386 1144 2452 P
1191 2398 1255 2452 et
1282 2401 1351 2453 tu
1384 2387 1675 2453 laborum
1707 2408 2000 2454 meorum

439 2487 633 2554 Venis
665 2487 985 2576 inspector
1008 2488 1040 2550 ἱ)
1089 2488 1414 2573 quomodo
1444 2488 1790 2553 sustinuisti
1821 2488 2187 2578 relinquens

437 2589 902 2679 Cognominem
934 2586 1203 2664 fluxum,
1252 2600 1316 2652 et
1345 2586 1536 2678 petris
1559 2586 1760 2653 obsita
2364 2609 2490 2677 300

439 2687 1009 2779 Sponte-fabricata
1036 2700 1234 2765 antra,
1283 2688 1445 2753 hanc
1480 2687 2028 2777 ferri-genitricem

440 2791 771 2859 Accedere
800 2790 867 2854 in
896 2801 1125 2853 terram
1150 2789 1185 2853 P
1233 2788 1465 2876 ecquid
1493 2791 1890 2876 spectaturus
1919 2789 2237 2855 fortunam

439 2890 780 2957 Advenisti
809 2911 1042 2965 meam,
1089 2900 1152 2953 et
1175 2911 1613 2976 compassurus
1645 2888 1826 2953 malis
1853 2891 1887 2954 ?

440 2991 697 3058 Intuere
728 2987 1163 3079 spectaculum
1190 3012 1204 3052 :
1254 2989 1526 3053 amicum
1556 2987 1728 3053 hunc
1758 2986 1951 3071 sevis,

442 3092 572 3178 Qui
606 3113 731 3156 una
759 3089 1053 3156 constitui
1084 3109 1347 3176 regnum
1379 3089 1540 3175 ejus,
2361 3108 2492 3174 305

439 3191 761 3276 Qualibus
790 3187 872 3253 ab
905 3189 1045 3276 ipso
1072 3186 1335 3252 miseriis
1364 3188 1678 3252 incurvor.

156 3308 351 3356 ocem.
430 3291 639 3358 Video
667 3287 1092 3354 Prometheu:
1142 3297 1206 3351 et
1234 3286 1489 3374 quidem
1519 3307 1850 3375 suggerere
1893 3285 2006 3351 tibi

440 3390 607 3457 Volo
663 3389 926 3477 optima,
971 3385 1118 3451 licet
1155 3398 1422 3452 versuto.

441 3489 777 3578 Cognosce
808 3486 1100 3573 teipsum,
1148 3497 1213 3551 et
1251 3487 1478 3575 adapta
1513 3508 1723 3552 mores

444 3589 713 3664 Novos;
760 3609 909 3653 nam
950 3599 1014 3651 et
1056 3607 1255 3651 novus
1301 3597 1394 3651 est
1424 3609 1534 3651 rex
1577 3587 1743 3652 inter
1784 3585 1956 3652 deos.
2358 3607 2493 3673 310

441 3689 551 3754 Sin
594 3689 679 3753 ita
721 3708 937 3776 aspera
979 3697 1042 3750 et
1081 3685 1362 3751 aculeata
1400 3685 1595 3751 verba

441 3787 803 3877 Projeceris,
852 3785 1057 3851 forsan
1096 3798 1159 3850 te
1202 3786 1395 3851 etiam
1438 3786 1631 3876 longe
1675 3789 1958 3874 superius

444 3887 679 3955 Sedens
720 3883 976 3974 Jupiter
1016 3885 1294 3960 audierit,
1344 3899 1414 3950 ut
1452 3886 1571 3951 tibi
1616 3886 1968 3952 amaritudo

447 3986 733 4054 Praesens
760 3983 1054 4058 laborum
1082 3984 1374 4050 videatur
1402 4008 1534 4050 esse
1565 3985 1790 4052 ludus.

443 4087 722 4154 Proinde
752 4085 958 4162 miser,
1004 4106 1162 4169 quas
1195 4082 1390 4148 habes
1422 4084 1543 4149 iras
1573 4083 1847 4162 dimitte,
2357 4105 2490 4174 315

446 4189 530 4255 Et
558 4210 802 4277 quaeras
831 4184 913 4250 ab
945 4184 1117 4250 hisce
1148 4183 1533 4250 solutionem
1560 4184 2037 4253 calamitatibus.

450 4288 672 4355 Delira
699 4287 904 4352 forsan
932 4285 1150 4350 videor
1176 4283 1299 4350 tibi
1332 4284 1446 4350 fari
1472 4308 1491 4350 ε

448 4386 630 4454 Talis
658 4409 810 4452 vero
838 4385 1022 4450 nimis
1052 4382 1374 4473 altiloquae

448 4484 737 4579 Linguae,
783 4482 1190 4566 Promethea,
1236 4506 1478 4550 merces
1508 4485 1735 4551 evenit.

1339 4609 1478 4670 82
