2909 4884
251 233 379 381 ,μ’

289 3961 403 4027 IV.
498 3977 593 4025 10.

865 304 1549 375 PROMETH.
1641 310 2301 385 VINCTUS:

923 471 2054 605 ANtTJSTROPHE
2149 535 2203 581 1.

620 675 663 700 „
700 625 1069 694 Jucundum
1103 656 1210 719 spe
1244 638 1448 700 erecta

620 773 660 802 ,‚
706 724 991 815 Longam
1022 730 1213 824 vitam

618 873 663 903 „
703 826 1078 907 Producere,
1124 832 1288 896 clara

621 975 662 1002 „
699 927 1020 993 Animum
1052 927 1461 1020 ampliantem

615 1074 664 1104 ‚,
706 1027 1066 1095 Hilaritate.

708 1125 849 1213 Ego
880 1150 1027 1192 vero
1058 1129 1411 1197 inhorresco
1443 1145 1504 1200 te
1535 1134 1788 1202 intuens

708 1224 976 1291 Infinitis
1009 1227 1325 1297 laboribus

712 1323 1155 1393 Dilaceratum.

703 1425 934 1509 Jovem
975 1428 1144 1492 enim
1176 1453 1305 1495 non
1337 1454 1780 1519 expavescenS,

706 1524 975 1613 Proprio
1006 1529 1192 1615 genio
1223 1530 1378 1595 colis

710 1623 1030 1692 Homines
1063 1628 1250 1694 nimis
1283 1629 1691 1698 Prometheu.

1139 1807 1841 1883 STROPHE
1927 1838 1991 1884 2.

710 1938 857 2029 Age
889 1965 1087 2028 quam
1117 1944 1360 2031 ingrata

707 2040 945 2120 Gratia,
992 2066 1033 2107 o
1063 2044 1284 2121 amice,
1332 2044 1434 2109 dic
1467 2044 1640 2129 quod
1669 2066 1958 2130 unquam
1989 2043 2203 2123 robur,

706 2141 901 2223 Quod
924 2144 1237 2208 auxilium
1268 2146 1674 2212 mortalium:
1725 2167 1856 2211 non
1887 2145 2182 2232 aspexisti

709 2238 1152 2326 lmpotentiam
1176 2242 1527 2324 imbellem,

708 2340 973 2406 Somnio
1001 2366 1239 2431 parem,
1285 2367 1410 2430 qua
1438 2345 1866 2433 improvidum
1897 2345 2232 2411 hominum

706 2438 936 2508 Genus
966 2457 1059 2509 est
1085 2445 1506 2532 impeditum?
1602 2480 1608 2487 ·

708 2536 1062 2628 Nunquam
1091 2544 1270 2609 Jovis
1298 2544 1761 2610 ordinationem

708 2637 1141 2718 Antevertunt
1170 2643 1497 2710 hominum
1527 2644 1803 2710 consilia.

921 2818 2055 2895 ANTISTROPHE
2137 2851 2199 2896 2.

714 2945 883 3011 Haec
917 2943 1129 3027 didici,
1176 2963 1355 3018 tuam

711 3045 1052 3113 Exitialem
1084 3051 1336 3117 intuens
1366 3066 1596 3120 sortem
1630 3056 2049 3123 Prometheu:

713 3147 833 3212 Sed
867 3148 944 3213 ad
974 3172 1077 3214 me
1108 3151 1420 3218 advolavit
1446 3156 1652 3220 cantio
1679 3156 2033 3242 discrepans

711 3246 827 3309 Ab
861 3246 969 3312 illa
1001 3271 1191 3335 quam
1221 3252 1455 3318 circum
1490 3255 1726 3320 lavacra
1754 3267 1820 3320 et
1848 3255 2086 3322 lectum

711 3343 941 3411 Tuum
968 3349 1296 3429 canebam,
1344 3351 1630 3420 lubentia
1660 3356 1953 3442 nuptiali,

713 3442 988 3525 Quando
1017 3448 1243 3513 eodem
1273 3464 1447 3538 patre
1479 3469 1851 3544 prognatam

722 3541 972 3607 Duxisti
1004 3545 1378 3629 Hesionem,
1427 3554 1743 3621 dotalibus

718 3639 1113 3725 Persuasam,
1160 3671 1427 3717 uxorem
1454 3669 1807 3723 consortem
1835 3658 1976 3727 tori.

1142 3827 1980 3908 ANAPAESTI.

713 3954 883 4042 Quae
911 3955 1146 4022 tellus?
1193 3960 1370 4046 quod
1400 3985 1604 4050 genus
1632 3963 1989 4035 hominum?
2031 3960 2229 4058 quem
2257 3973 2468 4041 dicam
2493 3999 2596 4044 me

881 4058 1095 4124 videre

706 4154 910 4222 Istum
937 4158 1003 4222 in
1034 4159 1296 4246 vinculis
1326 4166 1581 4250 petrosis

716 4256 1181 4323 Hiemantem?
1228 4263 1402 4348 cujus
1431 4263 1644 4331 delie‘ti

710 4353 921 4418 Poenis
949 4358 1158 4442 peris?
1204 4361 1464 4427 ostende
1495 4365 1609 4430 ubi

711 4451 1053 4523 Terrarum
1085 4482 1433 4527 aerumnosa
1452 4486 1685 4539 errem.

2586 1511 2593 1520 ’
2640 1561 2790 1634 645-

2640 2272 2762 2337 550

2641 2982 2758 3051 555

2636 4279 2754 4364 565
