2909 4884
551 1039 558 1050 ·
632 1047 830 1152 ,ΙΝ
913 1050 1807 1152 FRAGMENTA,

352 1315 694 1426 NOTAE
799 1311 1252 1401 vAmoR.
1340 1324 1492 1404 ET
1587 1321 2114 1415 BUTLERL

705 1619 796 1686 In·
844 1623 1252 1688 Paomis-ru.
1298 1621 1435 1689 Ion
1450 1641 1675 1689 nmau
1692 1645 1768 1688 m.

40 1943 229 2034 ΤΙΤ.
345 1967 448 2034 An
526 1974 780 2056 Πυςιαιοὸς
857 1988 927 2037 et
996 1980 1251 2057 Πυςφὸςος
1327 1969 1548 2035 titulus
1605 1985 1702 2036 est
1760 1972 1948 2034 unius
2007 1972 2427 2062 ejusdemque

41 2053 399 2119 dramatis?
528 2055 630 2121 Ita
693 2073 918 2123 censet
975 2058 1292 2122 Canterus
1353 2057 1557 2139 [NoV.
1593 2056 1970 2122 Lectt.1X.
2014 2060 2157 2141 eh]
2249 2075 2425 2124 recte

39 2161 196 2205 meo
245 2173 254 2186 ·
259 2141 558 2225 judicio:
632 2164 784 2208 nam
860 2146 953 2209 sic
1024 2159 1150 2209 tres
1214 2141 1621 2207 Prometheos
1674 2143 1968 2229 AEschyli
2027 2146 2435 2233 distinguere

38 2245 383 2314 possumus
433 2231 806 2296 commode.
855 2265 862 2274 ·
908 2235 1176 2309 Δεσμῦι-ς
1232 2242 1301 2293 et
1345 2236 1586 2307 Λυόμσης
1636 2230 1768 2294 duo
1827 2232 2120 2295 dramata
2164 2232 2425 2296 fuerunt

38 2315 340 2400 tragica:
430 2319 696 2398 Πυςκαεὸς
765 2317 902 2381 sive
973 2324 1228 2398 Πυςφίςος
1301 2316 1529 2380 drama
1586 2316 1710 2380 fuit
1767 2317 2160 2402 satyricum:
2236 2313 2437 2404 quale'

38 2397 413 2463 Promethei
457 2402 722 2466 nomine
765 2417 1055 2468 recenset
1099 2402 1289 2466 nobis
1333 2401 1587 2465 Auctor
1612 2401 2048 2489 hypotheseos
2078 2404 2142 2466 in
2177 2405 2431 2484 Persas,·

39 2490 160 2550 13ae2
193 2498 408 2558 Μίνωος
430 2491 686 2572 *cerem*
716 2495 982 2572 Αἰσχύλος
1007 2497 1140 2553 inixa
1167 2498 1318 2566 moer,
1359 2498 1601 2570 Πίςσσις,
1632 2493 1859 2573 Γλαύκῳ,
1891 2501 2113 2574 Hos-mi}
2134 2495 2419 2574 necanda?

38 2589 106 2636 ut
159 2586 341 2637 recte
385 2574 862 2641 animadvertit
903 2575 1327 2640 Casaubonus
1377 2574 1455 2637 'in
1515 2573 1681 2638 libro
1726 2575 1808 2638 de
1868 2575 2145 2662 Satyric.
2200 2576 2421 2643 Graec.

38 2660 234 2723 Poes.
325 2658 559 2759 Neque
609 2661 907 2727 dubitare
958 2663 1188 2727 debuit
1237 2660 1336 2724 vir
1384 2660 1695 2740 eruditus,
1757 2661 2207 2747 trajectionem
2261 2685 2423 2729 mox

38 2745 160 2810 ÷ibi
225 2747 750 2823 comminiscenS,
825 2770 966 2834 quae
1018 2748 1197 2813 omni
1249 2746 1683 2812 fundamento
1741 2761 1943 2825 caret,
2008 2764 2077 2813 et
2139 2772 2421 2816 errorem

38 2831 176 2912 ejus
255 2831 530 2896 exhibet
594 2848 930 2921 apertum:
1017 2858 1166 2899 nam
1238 2832 1582 2920 Sophoclis
1641 2834 2126 2900 Andromedam
2200 2838 2424 2903 drama

38 2917 236 2982 hisae
291 2919 638 3006 tragicum,
703 2933 779 2985 ut
820 2921 983 2987 nihil
1026 2921 1199 2986 aliud
1247 2921 1487 2998 dicam,
1548 2933 1729 2984 certo
1773 2921 2010 2986 certius
2053 2937 2311 2987 constat
2336 2943 2423 2988 ex

38 3004 489 3070 Eratosthenis
511 3004 1004 3072 Catasterismis.
1065 3007 1287 3080 Quare
1315 3028 1447 3070 non
1479 3007 1687 3093 magis
1716 3028 1801 3071 ex
1831 3006 2123 3092 IEschyli
2150 3007 2430 3092 Glauco,

38 3113 233 3177 {uam
285 3112 374 3155 ex
413 3091 759 3179 Sophoclis
809 3093 1252 3170 Andromeda,
1318 3092 1555 3177 quibus
1614 3092 1826 3177 Satyri
1885 3106 1951 3157 et
1998 3093 2197 3158 Sileni
2239 3111 2431 3160 nota-

38 3191 276 3241 »antur
321 3189 397 3242 ut
425 3177 950 3266 intemperantes,
995 3180 1077 3245 de
1122 3192 1507 3267 argumento
1538 3179 1819 3264 satyrico
1849 3192 2146 3244 constare
2176 3195 2428 3268 potest3

38 3280 79 3328 *t
137 3284 494 3350 perperam
540 3265 810 3331 omnino
858 3265 1204 3331 Theocriti.
1240 3262 1631 3328 scholiastes
1660 3265 1741 3328 ad
1773 3264 2222 3350 trajectionem
2255 3266 2431 3334 illam

38 3349 428 3415 irnmndam
477 3351 844 3417 adducitur.
952 3352 1151 3440 Apud
1192 3349 1524 3415 auetorem
1554 3350 1991 3438 hypotheseos
2021 3368 2251 3437 quarto
2282 3353 2430 3419 loco

41 3450 152 3500 tat
201 3439 523 3518 Πςομηῡιός,
588 3433 824 3524 illeque
865 3460 947 3504 eo
993 3440 1136 3527 ipso
1179 3441 1445 3519 Σατυςιιόυ
1487 3459 1624 3501 sese
1655 3437 1909 3525 prodit:
1979 3444 2261 3522 Πςομηθεὺς
2292 3441 2430 3508 scil.

38 3528 310 3606 πυρφόρος,
386 3524 498 3608 qui
550 3537 619 3589 et
674 3528 957 3609 'nugae-05,
1030 3546 1239 3609 eoque
1299 3522 1568 3587 nomine
1628 3544 1804 3589 nunc
1886 3524 2122 3589 citatus
2194 3549 2234 3590 a
2292 3527 2431 3592 solo

39 3607 334 3688 ’olluce,
382 3609 558 3695 quia,
602 3622 677 3674 ut
723 3633 827 3675 sus
875 3611 1033 3676 icari
1078 3610 1255 3690 licet,
1301 3608 1514 3698 plures
1560 3625 1749 3674 erant
1795 3609 1941 3675 libri
1996 3613 2106 3696 qui
2156 3622 2435 3695 Πυςφόςος,’

51 3716 226 3759 uem
281 3695 401 3781 qui
455 3699 710 3781 Πυςκαιῦς
756 3719 838 3762 ex
891 3698 1178 3776 ibebant‚
1241 3709 1309 3760 et
1357 3717 1484 3760 vox
1516 3695 1623 3760 illa
1650 3697 1864 3760 minus
1896 3697 2130 3762 usitata
2157 3709 2453 3764 cesserat

41 3781 209 3848 lteri
268 3782 488 3870 magis
544 3784 838 3849 usitatae:
907 3786 1162 3868 Πυςκιεῦς
1221 3796 1439 3846 autem
1500 3796 1568 3846 et
1624 3789 1880 3866 Πυςφόςος
1938 3782 2108 3848 inter
2166 3783 2432 3871 Satyros

39 3882 499 3955 rgumentum
553 3870 846 3957 praebere
897 3870 1111 3958 potuit
1155 3867 1645 3955 lepidissimum,
1712 3881 1785 3932 ut
1829 3868 2100 3954 quisque
2145 3870 2439 3937 animad-

38 3953 246 4018 ertit.
349 3953 607 4020 Piuw.
729 3954 1033 4021 Diversus
1115 3953 1442 4019 Meursius
1521 3954 1856 4019 existimat
1928 3970 2227 4036 utrasque
2307 3972 2434 4022 tra-

39 4039 293 4106 oedias
340 4039 548 4107 AEsch
594 4042 661 4120 li,
725 4049 986 4128 Προμηθέα
1034 4051 1271 4124 nugata.
1314 4037 1382 4104 et
1424 4049 1697 4192 Πυὸφὸςω,
1743 4061 1926 4104 secus
1968 4063 2046 4107 ac
2093 4040 2432 4124 canterus,

39 4127 120 4190 ui
215 4126 360 4191 sibi
440 4126 543 4192 col
571 4129 745 4216 igere
826 4128 1079 4193 videtur
1151 4148 1236 4191 ex
1318 4125 1418 4190 his
1562 4126 2155 4216 nomasticographi
2217 4132 2430 4196 verbis

38 4211 317 4276 undem
370 4234 509 4278 esse
554 4218 825 4298 Προμηθέα
873 4221 1128 4314 Πυςφὸςω
1155 4228 1224 4277 et
1250 4224 1509 4297 Πυςιιαία·
1557 4213 1732 4299 quod
1765 4227 2005 4292 tamen,
2048 4235 2154 4278 me
2174 4213 2428 4300 judice,

38 4320 138 4362 on
201 4295 475 4384 liquide
526 4313 786 4365 constat
831 4322 917 4364 ex
969 4316 1234 4365 auctore
1283 4313 1528 4379 nostre,
1584 4297 1785 4382 [Poll.
1818 4298 2159 4365 Onomast.
2197 4300 2327 4366 IX.
2363 4311 2425 4380 8.

38 4405 250 4484 egm.
296 4385 484 4469 156]
539 4399 608 4450 et
652 4385 960 4473 equidem
1012 4387 1150 4474 ipse
1203 4384 1430 4450 lubens
1479 4408 1704 4451 eorum
1753 4387 2041 4473 partibus
2091 4388 2424 4467 accedam,

38 4493 108 4533 m
169 4469 484 4537 diversas
527 4473 813 4537 sentiunt
855 4473 1210 4563 tragoedias
1260 4492 1418 4537 esse.
1506 4474 1783 4555 Πςομηθιὸς
1811 4473 1985 4537 enim
2013 4481 2282 4574 Πορφὸςος,
2311 4476 2424 4623 (ἰυί

38 4577 248 4640 :nem
301 4557 576 4626 aetheria
624 4559 823 4627 domo
872 4560 1267 4627 subductum
1317 4557 1544 4626 fraude
1600 4556 1773 4626 mala
1828 4559 2135 4648 gentibus
2185 4574 2324 4625 tntu
2352 4560 2426 4642 it‚·
