2909 4884
169 3182 332 3232 (ΣΙ-101.

172 3281 339 3332 Paom-

171 3900 237 3949 10.

618 327 2020 402 PROMETH.v1NCTUS.
2409 349 2530 422 139

710 512 1935 620 MONOSTROPHQCA.

463 646 617 712 Heu
650 644 798 721 heu,
848 643 926 708 ah
961 642 1062 716 ah.

460 747 701 812 Rursus
732 768 834 811 me
866 745 1155 810 miseram
1185 759 1414 811 oestrus
1445 743 1764 832 quispiam
1798 745 2116 823 stimulat;

462 849 799 937 Spenstrnm
832 846 995 934 Argi
1026 847 1353 934 terrigenae
1383 855 1617 908 avertas
1649 868 1688 907 o
1721 842 1942 915 Terra.
2392 864 2522 931 570

460 947 829 1014 Inhorresco
862 946 1051 1009 illum
1082 942 1525 1009 multioculum
1558 941 1910 1034 bubulcum
1942 943 2211 1018 intuens·

460 1045 704 1112 Incedit
733 1042 840 1109 ille
875 1043 1343 1108 fraudulentum
1372 1042 1637 1107 oculum
1671 1041 1912 1118 habens
1942 1069 1961 1120 ;

457 1146 667 1231 Quem
702 1167 783 1209 ne
816 1143 1195 1208 defunctum
1226 1143 1486 1232 quidem
1521 1143 1792 1207 occultat
1822 1157 2001 1214 terra.

459 1246 575 1310 Sed
608 1244 690 1310 ab
722 1244 937 1309 inferis
968 1266 1328 1309 commeans
1359 1267 1460 1308 me
1493 1244 1781 1310 miseram
2485 1311 2497 1322 ,

459 1343 778 1432 Exagitat,
812 1355 874 1407 et
905 1366 1104 1408 errare
1136 1344 1279 1409 facit
1308 1343 1656 1409 famelicam
1689 1369 1800 1432 per
1831 1347 2199 1414 maritimam
2390 1371 2471 1434 57
2483 1373 2517 1438 ς

458 1444 771 1509 Arenam:
819 1443 1028 1510 fistula
1058 1467 1207 1509 vero
1236 1449 1731 1532 cera-compacta

460 1544 710 1610 Vocalis
740 1545 1211 1620 submurmurat
1240 1567 1493 1614 carmen
1524 1545 1960 1612 somnifer-um.
2053 1545 2214 1612 Heu

628 1643 778 1720 heu,
828 1666 960 1732 quo
990 1666 1143 1730 quo,

456 1741 587 1807 Ubi
620 1740 759 1820 ubi,
795 1742 927 1820 ubi,
964 1765 1095 1827 quo
1127 1765 1230 1807 me
1263 1741 1579 1850 longivagi
1613 1767 1847 1814 errores
1881 1747 2271 1835 impellunt?

455 1842 628 1926 Quid
661 1865 939 1931 unquam
974 1842 1064 1907 fili
1102 1831 1373 1918 Saturni,
1418 1844 1577 1930 quid
1611 1868 1915 1931 unquam,

455 1942 645 2056 Quid·
664 1966 944 2029 unquam
978 1941 1461 2030 deprehendens
1491 1967 1593 2008 me
1626 1944 2111 2031 delinquentem

625 2041 928 2106 intricasti
2391 2051 2521 2135 380

458 2139 658 2207 Hisce
691 2140 1193 2232 calamitatibus?
1243 2140 1371 2210 heu
1403 2142 1552 2209 heu.

454 2241 566 2307 Ab
600 2255 788 2306 oestro
817 2240 994 2306 illato
1023 2254 1253 2308 terrore
1285 2243 1579 2309 miseram
1611 2293 1618 2302 .

455 2342 807 2420 Amentem
839 2341 1005 2405 itane
1036 2344 1272 2407 vexas?

461 2442 562 2508 Da
595 2467 704 2518 me,
752 2442 1009 2507 marinis
1041 2441 1328 2507 monstris
1359 2442 1705 2530 pabulum:
1758 2466 1838 2508 ne
1870 2441 2025 2508 mihi
2384 2445 2510 2531 585

456 2542 748 2614 Invideas
780 2539 915 2606 haec
943 2552 1085 2606 vota
1121 2565 1247 2610 rex.

460 2643 618 2709 Satis
651 2666 753 2707 me
785 2665 1021 2734 errores
1052 2642 1382 2733 multivagi

456 2742 919 2818 Exercuerunt,
968 2765 1085 2806 nec
1116 2743 1267 2814 scire
1299 2766 1554 2830 possum
1586 2743 1694 2832 qui

453 2839 796 2926 AErumnas
827 2843 1080 2908 evitem.

1072 3038 1549 3106 IA.MBI

1393 3168 1405 3180 Ο
1460 3168 1473 3178 0
1531 3167 1544 3179 0
1603 3168 1617 3181 Ι

454 3169 701 3234 Audin'
727 3167 1234 3254 alloquutionem
1254 3168 1505 3254 virginis
1526 3167 1698 3231 illius
1716 3168 2055 3256 cornigerae
2069 3170 2105 3233 P
2383 3192 2512 3257 590
2614 3226 2620 3233 .

454 3268 798 3352 Quomodo
832 3291 959 3332 non
993 3268 1245 3331 audiam
1276 3265 1446 3330 illam
1480 3281 1666 3330 oestro
1697 3268 2000 3351 percitam
2031 3269 2311 3355 puellam

454 3366 780 3444 Inachida,
827 3390 973 3452 quae
1001 3366 1180 3431 Jovis
1210 3365 1453 3430 calfacit
1483 3389 1590 3430 cor

456 3466 723 3542 Amore,
771 3479 835 3531 et
866 3490 1039 3532 nunc
1071 3449 1433 3554 longinquis
1465 3466 1745 3533 cursibus

447 3564 487 3632 J
495 3589 693 3640 unoni
723 3566 943 3643 invisa,
990 3589 1103 3653 per
1130 3566 1258 3632 vim
1291 3568 1663 3631 exercetur?

693 3761 1923 3831 MONOSTROPHICA.

454 3894 650 3962 Unde
680 3907 752 3959 tu
783 3892 974 3981 patris
1004 3890 1131 3955 mei
1160 3913 1393 3955 nomen
1426 3890 1794 3976 pronuntias
1816 3893 1850 3956 P
2387 3920 2514 3986 595

460 3995 581 4060 Dic
604 3993 763 4061 mihi
790 3992 1046 4068 infelici,
1096 3992 1237 4079 quis
1266 4003 1332 4054 tu
1350 3991 1383 4053 'z‘
1430 3990 1569 4074 quis
1597 3990 1783 4055 miser
1814 4015 1916 4058 me

458 4094 764 4161 Miseram
788 4094 948 4158 adeo
976 4114 1123 4157 vere
1156 4090 1543 4176 alloqueris?

460 4193 659 4259 Etiam
694 4192 1387 4258 divinitus-immissum
1419 4189 1713 4256 morbum
1745 4190 2020 4272 edixisti,

458 4294 587 4378 Qui
621 4316 724 4358 me
757 4314 1051 4380 pungens
1082 4287 1371 4355 tabefacit

464 4393 744 4458 Stimulis
778 4391 1127 4465 furialibuS‚
1174 4387 1300 4453 heu
1337 4387 1485 4452 heu.
2397 4400 2526 4464 600

408 4507 413 4514 ’
466 4493 620 4559 ldeo
652 4492 958 4590 famelicis
986 4489 1191 4579 flagris
1222 4488 1500 4553 saltuum

1404 4604 1529 4653 ΤΖ
