2909 4884
347 352 628 423 NOTAE
669 351 949 423 VARR.
1001 351 1116 421 ET
1160 351 1561 422 BUTLERI
1606 350 2187 420 PHILOLOGG.
2320 359 2451 417 203

52 508 760 663 μλιιιόμικυ.-Ηῖ)ρειι·
801 531 1214 577 succrescens
1252 531 1339 578 ex
1383 511 1527 599 ipsa
1565 508 1959 575 laceratione
1986 523 2056 576 et
2082 511 2227 599 ipso
2258 521 2447 598 pastu

669 619 714 662 A

52 600 493 686 nigrescebat.
725 618 864 663 uw.

137 692 207 750 ff.
245 686 433 750 1026.
492 697 694 766 eamr
754 700 873 750 Tra
930 697 1306 748 ΔῐΑΔοκοΣ
1367 699 1524 750 ΤΩΝ
1566 698 1715 748 mu
1756 699 2035 748 nonan.
2198 681 2445 748 Nescio

57 785 285 837 utrum
355 771 471 836 bic
555 770 908 836 Herculem
975 769 1316 857 intelligat,
1389 791 1474 834 an
1533 790 1729 854 quem
1788 769 1987 834 alium
2044 768 2269 847 heroa,
2334 769 2448 855 qui

53 859 142 923 sit
225 872 517 924 mentem
598 858 952 922 humanam
1035 857 1418 922 liberaturus
1499 857 1583 920 ab
1659 856 1859 944 ipsius
1934 855 2449 933 difficultatibus,

57 945 370 1023 tenebris,
412 959 482 1009 et
531 944 990 1009 anxietatibus.
1113 943 1270 1008 Huc
1302 959 1522 1007 tamen
1550 943 1761 1029 magis
1792 941 2061 1007 inclino,
2169 941 2257 1007 Et
2284 959 2447 1030 puto

59 1047 330 1118 poetam
378 1030 488 1096 hic
533 1030 896 1130 intelligere
942 1030 1395 1095 liberationem
1443 1028 1783 1095 coelestem
1836 1030 2094 1117 generis
2139 1028 2446 1094 humani:

60 1118 142 1182 de
187 1139 324 1203 qua
379 1117 556 1181 haud
610 1117 808 1182 dubie
855 1132 1174 1206 cognorat
1204 1117 1507 1202 quaedam
1537 1137 1623 1179 ex
1652 1115 2012 1202 prophetiis
2042 1131 2107 1181 et
2138 1115 2456 1203 sapientia

61 1204 523 1283 Hebraeorum,
588 1205 758 1268 sicut
809 1217 948 1267 tum
1000 1204 1200 1268 etiam
1251 1202 1320 1265 in
1363 1201 1690 1266 vaticiniis
1742 1202 2073 1288 Sibyllinis
2116 1201 2323 1266 multa
2370 1203 2454 1268 de

60 1291 202 1355 hoc-
249 1292 560 1377 mysterio
611 1290 1124 1356 celebrabantur.
1211 1288 1544 1353 Ganmr.
1674 1288 1888 1353 Locus
1918 1310 2072 1352 sane
2099 1289 2455 1353 admodum

61 1375 422 1454 miranduS,
483 1391 551 1441 et
609 1378 733 1441 erit
785 1399 1002 1464 operae
1051 1376 1332 1463 pretium
1392 1373 1769 1473 diligentius
1831 1376 2239 1440 considerare
2298 1375 2458 1460 quid

63 1463 410 1528 Garbitius
443 1463 507 1527 in
550 1467 607 1528 ί.
636 1464 785 1539 896,
831 1464 983 1529 alibi
1011 1488 1029 1541 ;
1073 1478 1144 1527 ct
1179 1460 1501 1526 Stanleius
1522 1483 1591 1523 in
1621 1474 1683 1537 ψ’.
1716 1471 1768 1525 1.
1803 1463 1885 1526 de
1909 1461 2008 1525 his
2033 1460 2456 1548 protulerunt.

69 1549 433 1614 Monam..
573 1548 724 1615 Hoc
785 1549 921 1614 vult
981 1549 1369 1627 MercurinS,
1440 1546 1651 1611 nullus
1702 1548 1891 1635 plane
1951 1549 2071 1613 tibi
2132 1549 2255 1612 erit
2312 1548 2461 1612 finis

63 1657 529 1701 aerumnarum.
654 1636 1122 1701 conditionem
1182 1636 1357 1699 enim
1402 1634 1801 1699 liberationis
1844 1635 2049 1712 addit,
2094 1657 2235 1721 quae
2282 1633 2460 1699 nullo

151 1738 270 1788 cto
359 1736 498 1787 erat
574 1744 658 1786 ex
791 1724 1007 1788 tanda.
1165 1721 1408 1787 Similis
1500 1721 1712 1809 figura
1797 1721 2106 1787 dictionis
2194 1722 2261 1785 in
2352 1720 2460 1785 illo

64 1746 486 1886 Ιίἓῐεαῑίαοο,
534 1809 642 1873 An
693 1831 739 1874 r.
776 1808 832 1872 Ι.
866 1819 930 1874 2.

334 1894 709 1961 Verberibus
751 1917 966 1961 caesum
1014 1905 1075 1959 te
1119 1895 1186 1958 iu
1220 1894 1584 1981 pistrinum,
1632 1892 1842 1976 Dave,
1887 1891 2108 1958 dedam
2152 1916 2340 1983 usque
2378 1890 2466 1959 ad

595 2002 822 2046 necem.

340 2067 492 2133 Hac
535 2067 668 2156 lege
710 2079 901 2155 atque
944 2068 1167 2144 omine,
1229 2078 1300 2131 ut
1345 2067 1399 2131 si
1437 2077 1500 2131 te
1528 2064 1675 2131 inde
1707 2064 2052 2145 exemerim,
2110 2088 2223 2154 ego
2250 2077 2463 2153 prote

595 2154 848 2220 molam.
1025 2155 1351 2219 Scaurz.
1922 2220 1931 2229 ,

75 2240 234 2306 Non
284 2262 369 2304 ex
415 2240 495 2305 iis
548 2263 687 2305 sum
742 2264 884 2327 quae
931 2242 1077 2306 haec
1128 2242 1402 2326 mystice
1449 2238 1806 2339 accipiunt,
1850 2259 2065 2324 neque
2107 2238 2281 2303 enim
2326 2261 2470 2305 cre-

73 2328 357 2392 diderim
402 2327 751 2413 quicquam
792 2328 1180 2413 AEschylum
1215 2348 1300 2392 ex
1333 2327 1547 2392 Sacris
1569 2325 1770 2390 literis
1800 2325 1903 2389 vel
1931 2324 2130 2390 fando
2160 2324 2468 2407 hausisse,

76 2435 198 2479 nec
255 2435 295 2478 e
348 2413 620 2478 Psalmis
672 2414 773 2478 vel
826 2414 1193 2501 Prophetis,
1257 2413 1359 2478 vel
1407 2415 1661 2477 incerto
1703 2412 2043 2476 hominum
2097 2434 2352 2476 rumore
2401 2425 2472 2477 et

76 2523 237 2566 aura
305 2502 610 2587 quadam,
690 2517 766 2565 ut
824 2502 917 2566 ita
987 2501 1203 2565 dicam
1261 2499 1627 2588 prophetioe
1689 2499 2038 2584 quicquam
2116 2499 2468 2584 accepisse,

76 2588 326 2652 nedum
379 2601 453 2650 ut
498 2586 880 2652 descensum
937 2587 1180 2651 Christi
1232 2586 1316 2652 ad
1368 2586 1630 2663 inferoS,
1690 2606 1826 2650 rem
1877 2605 2030 2649 sane
2084 2582 2472 2651 Christianis

79 2672 631 2752 obscurissimam,
686 2690 756 2739 et
807 2674 1015 2739 sicubi
1072 2676 1139 2738 in
1182 2673 1457 2763 Scriptis
1504 2670 1917 2759 Propheticis
1961 2683 2175 2736 exstet
2220 2686 2474 2738 tantum

81 2781 216 2825 non
273 2759 556 2825 tenebris
601 2760 995 2839 immersam,
1042 2760 1365 2847 respiciat.
1464 2758 1749 2838 Adeant‚
1801 2758 1912 2844 qui
1948 2757 2191 2836 volunt,
2238 2775 2474 2850 praeter

82 2845 292 2911 Stanl.
356 2844 731 2911 Comment.
796 2848 1180 2934 scriptorem
1239 2865 1664 2933 anonymum,
1730 2857 2010 2931 mystam
2073 2845 2341 2929 quidem
2404 2859 2477 2912 at

79 2932 402 3020 elegantis
450 2932 698 3020 ingenii
749 2948 817 2998 et
867 2934 1121 3000 subacti
1152 2933 1392 3018 judicii
1446 2934 1679 3010 virum,
1746 2932 1858 3015 qui
1914 2931 1981 2994 in
2043 2929 2475 3018 Ephemeride

83 3019 406 3085 Britanna
419 3018 896 3102 (Gentleman’s
921 3019 1296 3107 Magazine,
1318 3019 1582 3098 March,
1603 3022 1728 3084 διο.
1752 3017 1968 3096 1796.)
1991 3016 2160 3080 hanc
2182 3016 2475 3084 fabulam

83 3105 411 3171 tractavit·
534 3105 763 3191 Itaque
808 3106 884 3171 hc
909 3106 954 3171 l.
1004 3127 1119 3193 per
1162 3111 1260 3177 Θιός
1298 3135 1372 3174 τις
1401 3108 1633 3188 ἒιάὸοχος
1659 3108 1748 3165 τῧν
1777 3107 1871 3167 οὖν
1897 3109 2067 3180 πόνων,
2118 3099 2475 3170 Herculem

84 3193 224 3258 desi
320 3192 413 3256 ari
467 3193 768 3271 arbitror,
836 3190 948 3278 qni
1025 3191 1517 3278 quodammodo
1571 3211 1905 3255 successor
1948 3188 2255 3253 laborum
2313 3191 2475 3257 Pro·

87 3301 195 3344 me
273 3278 648 3357 eodicatur,
677 3300 817 3343 non
846 3278 1054 3345 solum
1089 3278 1264 3363 quod
1287 3290 1387 3342 tot
1412 3291 1484 3342 et
1512 3293 1647 3341 tam
1670 3293 2037 3341 aerumnosa
2058 3289 2256 3361 atque
2274 3278 2480 3343 ardua

85 3386 428 3453 perpessus
485 3364 701 3444 fuerit,
753 3365 866 3429 sed
927 3365 1106 3451 qnod
1157 3365 1224 3428 in
1285 3364 1364 3428 iis
1415 3362 1816 3451 perferendis
1860 3362 1943 3426 ad
1998 3363 2143 3427 vitae
2178 3362 2477 3429 humanae

83 3451 336 3602 culssim
386 3473 465 3516 ac
515 3453 891 3517 convictum
946 3467 1048 3519 tot
1095 3467 1164 3515 et
1207 3464 1341 3515 tam
1389 3448 1701 3539 praeclara
1744 3447 2065 3514 beneficia
2105 3450 2476 3517 contulerit.

88 3539 158 3605 S.
257 3556 532 3603 urana.

170 3635 237 3702 γ.
271 3632 456 3689 1028.
504 3638 836 3689 KNEOAIA
880 3627 946 3689 ‘r'
970 3639 1156 3689 ΑΜΦῙ
1201 3637 1601 3688 τΑΡΤΑΡΟΥ.
1738 3624 1909 3702 Ἀμφὶ
1953 3641 2076 3709 pro
2128 3622 2477 3688 adverbio:

87 3712 229 3792 ιίμφῖ
277 3722 513 3792 nuno-ra,
587 3710 990 3777 circumcirca
1048 3711 1391 3776 tenebrosa.
1527 3709 1636 3774 Ad
1679 3719 1746 3777 εἷς
1796 3708 1926 3773 hoc
1968 3709 2167 3773 etiam
2210 3709 2477 3797 pendet.

95 3797 351 3863 me.
441 3799 531 3862 At
558 3797 681 3863 ista
710 3799 1196 3864 constructione
1224 3797 1386 3862 nibil
1416 3795 1814 3883 impeditius.
1902 3795 1970 3859 S.
2004 3793 2338 3860 Burman.

175 3897 242 3958 γ.
278 3891 465 3949 1031.
507 3901 998 3950 *vl-:ramorum
1038 3898 1200 3949 rae.
1342 3883 1543 3950 Num.
1574 3881 1763 3946 xxiii.
1805 3889 1903 3954 19.
1973 3890 1998 3944 1
2034 3881 2203 3970 Reg.
2229 3905 2338 3946 xv.
2368 3890 2475 3955 29.

90 3967 292 4034 Titi.
327 3980 392 4035 2.
447 3970 682 4036 aTim.
707 3972 776 4037 ii.
817 3979 910 4036 13.
981 3970 1215 4036 Psalm.
1240 3967 1545 4036 lxxxviii.
1577 3976 1684 4034 34.
1773 3965 2137 4032 Monam..

179 4068 243 4131 γ.
283 4066 467 4121 1035.
528 4073 744 4121 ΗΜΙΝ
796 4073 991 4122 ΜΕΝ.
1127 4056 1387 4122 Chorus
1461 4053 1651 4118 valde
1732 4067 1923 4120 caute
1997 4069 2066 4119 et
2143 4053 2478 4119 moderate

93 4140 403 4228 loquitur,
464 4164 549 4207 ne
604 4144 814 4230 magis
870 4143 1203 4209 exulceret
1258 4161 1457 4228 quam
1513 4151 1698 4207 sanet
1754 4140 2042 4205 animum
2106 4139 2481 4206 Promethei

97 4241 526 4293 commotum.
628 4238 864 4293 Φαίνεται
913 4241 1070 4304 λέγω
1111 4237 1176 4293 ἐκ
1216 4233 1430 4312 ἄωρα,
1469 4225 1724 4293 videtur
1766 4227 1983 4291 dicere
2072 4247 2148 4291 ro
2186 4242 2318 4292 tem
2368 4248 2482 4291 ore

99 4329 171 4378 et
216 4316 404 4380 rebus
459 4316 882 4402 praesentibus
929 4337 1064 4380 non
1117 4315 1539 4380 incommoda
1584 4328 1654 4379 et
1680 4311 2017 4379 aliena.·——-
2102 4335 2181 4379 ec
2213 4334 2322 4379 ver
2371 4333 2482 4376 um

101 4405 281 4487 ὂςιωᾷο
321 4401 464 4466 sine
506 4400 814 4500 peculiari
861 4424 1049 4467 sensu
1093 4415 1381 4489 usurpat,
1445 4402 1557 4466 sed
1608 4417 1683 4465 ut
1713 4399 2013 4466 ostendat
2040 4399 2211 4464 hanc
2254 4401 2482 4463 ιῦξυλίω

104 4488 424 4573 requirere
472 4509 569 4550 sin
662 4486 861 4552 larem
914 4488 1506 4555 considerationem
1553 4505 1622 4551 et
1667 4488 2155 4564 discussionem,
2200 4507 2347 4573 qum
2398 4481 2485 4572 sit

101 4573 384 4660 penitior
409 4593 558 4661 qnae
605 4595 713 4639 am
742 4574 833 4641 rei
864 4576 1293 4665 perscrutatio
1319 4589 1387 4643 et
1415 4574 1787 4664 pensitatio.
1836 4617 1845 4626 -
1898 4572 2229 4638 Gutum-⁴
2314 4647 2321 4652 ,
