2909 4884
390 363 523 427 eos
669 377 680 388 ·
899 353 1032 423 IN
1106 333 1706 422 PROM'ETH.
1785 349 2181 421 v1Nc'r.

413 511 819 578 Mercurium
879 511 963 576 ad
1015 523 1165 577 eum
1225 510 1510 601 ablegat,
1555 509 1987 610 omnibusque
2038 509 2233 575 minis
2289 529 2371 573 ac
2420 507 2746 586 terroribus,

411 599 1019 688 pertinacissimum,
1092 621 1223 684 quo
1284 598 1388 662 ille
1451 598 1712 685 nuptias
1767 596 1920 663 Jovt
1981 596 2374 684 periculosas
2432 596 2745 683 premebat,
2846 661 2847 664 Ἴ

413 685 740 751 silentium
787 686 1048 750 vincere
1108 698 1304 771 atque
1364 703 1743 772 expugnare
1799 683 2040 772 cupit3·
2092 681 2547 748 Prometheum
2604 702 2747 756 vero,
2846 735 2847 768 ἶ

414 772 708 859 quamvis
755 773 1057 835 omnibus
1108 773 1352 834 artibus
1405 770 1759 857 deligatum
1805 784 1875 834 et
1916 771 2364 847 constrictum,
2405 789 2537 832 non
2580 766 2745 830 Chori

412 858 761 923 solicitudo
841 856 1300 921 benevolentiae
1357 856 1572 944 plena,
1632 878 1767 921 non
1844 855 2097 922 Oceani
2172 857 2434 920 mitiora
2503 852 2749 917 remedia
2846 907 2847 910 ,

415 944 742 1009 suadentis
806 945 1020 1008 amica
1077 942 1368 1021 consilia,
1429 964 1561 1007 non
1622 941 1727 1007 Ius
1787 943 2036 1007 miseris
2096 942 2419 1006 furoribus
2480 939 2749 1026 vagisque
2846 979 2847 1030 f

413 1031 706 1096 cursibus
765 1031 952 1094 unius
1009 1029 1195 1095 Jovis
1255 1031 1343 1093 ob
1412 1052 1655 1093 noxam
1715 1030 1973 1116 agitatae
2032 1029 2351 1107 horroreS,
2423 1048 2550 1092 non
2598 1046 2748 1088 saerae

413 1116 731 1182 Mercurii
780 1117 1340 1194 comminationes,
1387 1138 1517 1179 non
1564 1116 1845 1201 denique
1886 1117 2047 1179 aeris
2093 1115 2415 1199 marisque
2458 1110 2751 1196 tumultus,

411 1225 546 1267 non
599 1202 756 1268 coeli
808 1215 1117 1287 terraeque
1164 1203 1385 1278 ruinae,
1432 1201 1735 1265 molliunt
1777 1224 1856 1267 ac
1906 1201 2235 1289 frangunt:-
2331 1200 2506 1264 Ecce
2535 1198 2747 1284 justum

411 1289 594 1354 illum
642 1311 720 1353 ac
771 1302 1063 1354 tenacem
1118 1289 1434 1376 propositi
1490 1288 1736 1353 virum!
1872 1286 2049 1352 Ecce
2099 1288 2309 1352 virum
2359 1285 2589 1350 fortem
2630 1301 2751 1347 cum

411 1375 584 1440 mala
611 1374 873 1442 fortuna
900 1376 1334 1464 compositum
1363 1376 1376 1438 !

479 1462 1019 1528 ·Admirabiliter
1087 1477 1303 1525 autem
1387 1459 1735 1546 AEschylus
1814 1459 2189 1525 Promethei
2264 1457 2608 1556 imaginem
2678 1455 2751 1518 sic

412 1547 801 1627 efformavit,
873 1565 968 1626 ut,
1042 1569 1412 1633 quanquam
1490 1567 1746 1633 semper
1797 1559 1977 1612 tenet
2035 1546 2234 1610 animi
2319 1543 2750 1617 fomtudinem,
2846 1585 2847 1616 3

413 1635 688 1700 eandam
737 1649 953 1699 tamen
999 1656 1116 1721 pro
1163 1634 1414 1702 diversa
1458 1655 1896 1718 personarum,
1942 1634 2325 1718 quibuscum
2356 1651 2507 1694 com
2592 1628 2751 1704 nitur,

412 1720 631 1788 indole
675 1735 870 1806 atque
915 1721 1180 1808 ingenio
1225 1719 1366 1783 aliis
1408 1719 1676 1805 aliisque
1720 1719 1933 1784 modis
1977 1733 2231 1783 exserat
2261 1731 2458 1802 atque
2531 1714 2750 1779 eclaret.

414 1805 495 1871 In
548 1807 758 1893 prima
813 1806 991 1870 enim
1051 1827 1265 1883 scena,
1335 1806 1756 1892 praesentibus
1822 1804 2134 1883 Vulcano,
2202 1804 2493 1880 Robore,
2542 1823 2615 1865 ac
2668 1797 2748 1874 Vi,

411 1892 711 1980 supplicii
807 1893 1318 1970 exsecutoribuS,
1404 1913 1601 1956 omne
1681 1891 1879 1956 animi
1970 1893 2168 1956 robur
2257 1891 2322 1954 in
2406 1885 2749 1975 gravissimo

410 1979 669 2044 silentio
713 1979 1018 2057 cernitur,
1079 2000 1211 2064 quo
1259 1977 1534 2058 vincula,
1594 1978 1876 2055 vulnera,
1937 1978 2282 2060 cruciatus,
2326 1974 2600 2039 ludibria
2638 1989 2751 2058 per·

412 2065 562 2134 fert.
649 2065 804 2130 Non
857 2066 1031 2130 enim
1086 2064 1357 2152 supplex
1411 2080 1510 2128 est
1553 2063 1743 2138 Jovis
1790 2064 2141 2139 ministris,
2195 2083 2331 2128 non
2374 2058 2751 2132 vociferatur,

409 2173 545 2217 non
595 2151 966 2239 ingemiscit
1015 2150 1136 2215 illis
1181 2151 1625 2249 praesentibus,
1714 2150 1971 2236 Nempe
2015 2165 2329 2235 quantum
2375 2148 2442 2211 in
2490 2148 2622 2233 ipso
2659 2157 2750 2218 est,

412 2238 760 2327 diligenter
802 2252 1012 2316 cavet,
1055 2260 1138 2302 ne
1181 2237 1431 2301 inimici
1478 2235 1762 2302 fructum
1807 2235 2012 2302 oculis
2059 2257 2143 2299 ex
2173 2257 2325 2301 casu
2359 2255 2479 2297 suo
2510 2231 2750 2318 capiant.

413 2325 523 2391 Ne
575 2347 728 2390 vero
780 2324 849 2388 id
901 2324 1106 2404 aliter,
1170 2345 1248 2387 ac
1308 2343 1532 2389 verum
1575 2323 1679 2400 sit,
1743 2323 2315 2409 interpretarentur
2374 2331 2750 2408 spectatores,

411 2410 702 2497 illudque
777 2408 1103 2500 silentium
1174 2411 1256 2474 ad
1326 2409 1800 2473 immanitatem
1872 2409 2199 2494 quandam
2281 2408 2346 2482 in
2406 2405 2640 2481 auimo,
2700 2413 2753 2464 et
2846 2489 2847 2494 γ

414 2511 745 2584 stuporem
825 2496 894 2563 in
972 2518 1245 2584 corpore
1307 2495 1659 2573 traherent,
1724 2495 1969 2572 statim,
2037 2495 2151 2560 ubi
2222 2492 2309 2560 illi
2366 2501 2750 2560 recesserunt,

415 2583 880 2650 Prometheum
941 2598 1139 2669 poeta
1193 2583 1287 2652 sic
1348 2582 1609 2654 induxit
1667 2581 2063 2666 loquentem,
2132 2594 2207 2644 ut
2282 2593 2349 2643 et
2404 2577 2746 2643 acerrimum

415 2669 713 2736 dolorum
770 2687 1048 2747 sensum,
1092 2682 1160 2734 et
1207 2687 1521 2734 summam
1584 2668 1782 2731 animi
1849 2666 2429 2744 mansuetudinem·
2472 2661 2747 2752 proderet.

417 2754 653 2840 Neque
700 2767 915 2824 tamen
968 2756 1335 2821 succumbit
1389 2754 1638 2832 dolori3
1706 2755 1818 2818 sed
1880 2771 2221 2840 postquam
2286 2772 2352 2816 se
2410 2767 2559 2818 eum
2618 2747 2749 2830 bene

415 2844 652 2908 sentire
742 2841 1048 2922 ostendit,
1121 2841 1393 2927 corripit
1460 2841 1775 2918 animum,
1845 2861 2125 2924 eumque
2193 2838 2274 2902 ad
2339 2838 2629 2908 virtutem
2688 2849 2747 2893 nc

415 2927 734 2994 malorum
805 2927 1211 2993 tolerantiam
1267 2940 1569 2993 revocat.
1701 2925 2193 3012 Supervenienti
2271 2922 2509 2988 deinde
2567 2918 2746 2984 Cbom

411 3015 703 3090 miserias
747 3014 1012 3100 quidem
1053 3033 1197 3079 suas
1226 3035 1305 3088 ac
1337 3012 1590 3079 dolores
1620 3014 1931 3099 exponit3
1972 3012 2090 3076 sed
2122 3012 2234 3091 ita,
2276 3023 2354 3073 ut
2380 3006 2744 3094 iniquitatem

464 3101 634 3165 otius
683 3100 870 3166 Jovis
919 3101 1176 3187 tyranni
1226 3113 1509 3178 accuset,
1575 3120 1771 3184 quam
1831 3121 1958 3163 suae
2021 3098 2040 3161 i
2124 3098 2220 3164 ’us
2279 3096 2549 3182 fortunae
2605 3107 2744 3185 aces·

414 3123 689 3252 iiitatem
737 3203 1059 3273 queratur.
1151 3185 1451 3271 Cumque
1492 3206 1560 3249 se
1592 3185 1801 3272 ipsum
1835 3199 2011 3249 recte
2151 3198 2359 3248 torum
2391 3179 2747 3271 conscientia

416 3274 630 3361 erigit,
675 3287 814 3342 tum
859 3273 1121 3350 Jovem,
1163 3273 1340 3358 quod
1384 3272 1509 3336 sibi
1562 3270 1882 3336 beneficia.
1926 3270 2299 3335 hominibus
2344 3268 2583 3333 tributa
2618 3262 2742 3324 vitm

415 3373 645 3436 vertat,
675 3359 922 3430 ‚acerbe
971 3359 1368 3450 perstringit,
1412 3358 1603 3445 eique
1649 3369 1989 3423 venturum
2035 3369 2459 3453 esse-tempus
2482 3345 2745 3422 ostendit,

415 3467 549 3545 quo
591 3457 823 3533 sponte
873 3466 989 3510 sua
1033 3443 1500 3512 Prometheum
1544 3442 1924 3508 liberaturus
1966 3444 2072 3521 sit,
2118 3454 2191 3506 ut
2318 3438 2586 3504 rreulose
2623 3449 2744 3499 cun·

414 3531 579 3612 srlia,
635 3552 784 3617 quae
843 3531 966 3602 sibi
1027 3531 1285 3618 imperii
1333 3530 1661 3616 jacturam
1706 3530 2119 3617 portendant,
2190 3549 2230 3593 a
2333 3547 2415 3591 eo
2465 3520 2739 3589 resciscat-

417 3617 506 3684 Et
553 3616 847 3705 quamvis
897 3637 1194 3705 asperum
1247 3637 1315 3681 se
1365 3631 1434 3681 et
1480 3635 1694 3681 acrem
1745 3615 2026 3680 inimicis
2080 3613 2526 3701 praebeat,·ita
2560 3621 2739 3672 tamen

415 3727 488 3772 er
619 3704 864 3775 amicos
909 3721 979 3782 se
1026 3704 1217 3791 gerit,
1279 3715 1352 3766 ut
1396 3719 1646 3782 caveat,
1687 3723 1772 3766 ne
1815 3703 1992 3768 idem
2034 3721 2191 3789 erga
2220 3701 2740 3779 omnes-'merom'

418 3791 482 3858 d·
562 3790 724 3868 cilis,
768 3804 881 3855 aut
909 3789 1255 3865 iracundus
1285 3809 1423 3854 esse
1454 3789 1769 3852 videatur.
2088 3805 2093 3812 ⁴
2436 3799 2445 3818 *
2552 3813 2559 3822 ·

504 3877 666 3943 Post
709 3874 960 3948 Oceani
1007 3874 1074 3939 in
1118 3895 1380 3952 scenam
1426 3874 1694 3963 ingressi
1738 3871 2252 3938 benevolentiam
2298 3870 2578 3957 quidem,
2616 3862 2737 3928 dnm

417 3983 488 4028 se
534 3964 594 4027 ei
644 3962 1129 4049 deprecatorem
1161 3962 1334 4048 apud
1362 3959 1403 4028 J
1410 3982 1600 4025 ovem
1630 3959 1968 4040 offerebat,
2011 3957 2331 4046 agnoscit,
2374 3963 2738 4034 veruntamen

415 4048 756 4115 molestam
798 4047 944 4133 >ejus
971 4046 1402 4120 sedulitatem
1452 4060 1825 4112 constanter
1869 4045 2195 4123 amolitur,
2238 4040 2653 4109 suboffensmu
2686 4049 2739 4093 ⁸⁸

416 4155 641 4204 severa
675 4132 832 4218 ejus·
861 4133 1316 4233 objurgatione
1358 4133 1754 4233 significans„
1846 4129 2031 4197 Nihil
2061 4145 2275 4198 autem
2308 4129 2433 4206 sibi
2461 4135 2737 4216 opuseflse

415 4220 556 4306 ejus
609 4218 732 4284 vel·
761 4233 1025 4288 monitis
1079 4219 1179 4284 vel
1224 4218 1482 4294 auxiliis
1532 4218 1734 4285 libere
1776 4218 2136 4306 profitetur,
2181 4211 2463 4301 eumque
2486 4206 2751 4276 omnibns*
2846 4221 2847 4308 }

416 4328 486 4372 se
531 4306 651 4374 viis
695 4305 1184 4394 aggredientem
1227 4305 1472 4382 infecta
1512 4326 1582 4382 re
1627 4305 1959 4371 discedere
1989 4303 2207 4388 jubet.
2312 4300 2395 4365 In
2436 4313 2607 4376 sexta
2640 4305 2736 4355 m·

416 4392 665 4480 goediae.
733 4407 929 4453 scena
997 4389 1120 4469 Ioi,
1194 4390 1439 4473 infelici
1498 4390 1753 4477 puellae,
1826 4390 2203 4456 comitatem
2267 4400 2537 4475 praestat,
2594 4393 2733 4448 cm,

415 4479 598 4561 quod
649 4476 759 4544 ina
806 4479 1085 4564 rogaret,
1119 4509 1122 4514 ·
1151 4495 1226 4541 ut
1268 4478 1428 4557 sibi,
1474 4495 1623 4562 quae
1664 4483 2072 4563 superessent
2112 4475 2369 4558 itinera,
2409 4473 2732 4557 exponeret,

419 4561 593 4631 haud
643 4561 1034 4632 cunctanter·
1059 4561 1317 4629 efficit:
1379 4563 1503 4628 nisi
1553 4564 1731 4649 quod
1764 4563 1973 4643 initiO,
2017 4561 2269 4648 ue'ejus
2298 4558 2732 4625 antinumaovo
