2909 4884
552 513 2098 602 FRAGMENTA.

170 684 688 803 Firmum-rum
732 733 1057 823 tragoediae
1088 756 1232 821 quae
1264 731 1636 796 inscribitur
1667 731 2158 801 Panum-nnus
2197 755 2528 804 mnu-ER.

232 873 314 939 A.
344 874 563 941 Gau..
600 875 643 940 l.
679 898 735 939 c.
825 875 1025 942 Silens
1054 876 1164 940 ubi
1194 885 1441 961 oportet
1468 889 1534 940 et
1563 875 1830 962 loquens
1858 889 2242 964 opportuna.

232 1014 284 1080 F
285 1037 655 1082 mnium
691 1016 1016 1105 tragoediae
1046 1040 1186 1105 quae
1217 1014 1579 1084 inscribitur
1608 1014 2096 1084 Pitoura-ruens
2125 1040 2444 1086 soum-us.

1296 1210 1349 1276 1.

228 1340 498 1405 STRABO
529 1340 571 1405 l.
606 1363 663 1405 c.
754 1338 1096 1427 AEschylus
1127 1338 1384 1425 quidem
1416 1339 1781 1429 intelligens
1812 1340 2154 1408 difficulter
2181 1365 2396 1409 causas
2436 1346 2525 1411 rei

157 1440 362 1523 exponi
404 1462 611 1528 posse,
656 1453 766 1506 aut
802 1441 885 1504 ita
915 1440 998 1506 ab
1029 1440 1150 1504 alio
1182 1439 1508 1527 accipienS,
1556 1440 1622 1503 in
1659 1440 1943 1504 fabulam
1973 1439 2252 1506 detorsit.
2343 1442 2522 1509 Nam

159 1539 303 1624 apud
330 1562 481 1606 eum
512 1540 930 1606 Prometheus
964 1539 1233 1606 Herculi
1263 1561 1591 1628 exponens
1621 1539 1740 1604 iter
1769 1562 1804 1604 a
1835 1539 2119 1605 Caucaso
2150 1540 2230 1606 ad
2264 1539 2523 1629 Hespe-

157 1639 314 1719 ridas,
359 1643 429 1706 in
462 1641 627 1707 hanc
658 1640 939 1730 loquitur
967 1639 1359 1705 sententiam.

382 1770 621 1836 Venies
652 1771 731 1835 ad
764 1770 1080 1859 Ligurum
1109 1769 1500 1855 intrepidum
1532 1768 1897 1845 exercitum,

381 1869 523 1934 Ubi
552 1892 858 1958 pugnam,
906 1870 974 1934 id
1003 1869 1144 1936 satis
1176 1870 1348 1947 novi,
1395 1869 1682 1955 quamvis
1715 1868 2049 1935 bellicosus
2073 1870 2172 1946 εἰς,

388 1967 551 2034 Non
601 1968 925 2056 culpabis;
971 1969 1295 2034 decretum
1342 1970 1516 2036 enim
1559 1982 1653 2035 est
1698 1969 1799 2035 hic
1840 1993 1874 2035 a
1921 1982 1982 2035 te
2024 1971 2266 2059 spicula

643 2067 1081 2155 relinquenda.

383 2166 674 2234 Nullum
700 2192 850 2234 vero
880 2170 1163 2236 invenies
1192 2171 1473 2259 lapidem
1502 2193 1696 2257 quem
1726 2193 1762 2235 e
1791 2181 1952 2237 terra

379 2269 671 2348 AvellaS,
719 2273 1023 2357 quoniam
1053 2284 1180 2339 tota
1214 2275 1383 2363 regio
1415 2272 1630 2337 mollis
1660 2283 1772 2336 est.

378 2370 675 2437 Cernens
703 2394 853 2437 vero
884 2384 944 2437 te
972 2371 1222 2461 Jupiter
1250 2375 1314 2438 in
1346 2371 1664 2461 angustiis»,
1711 2368 2125 2446 miserebitur,

383 2467 783 2558 Nubemque
814 2472 1199 2538 subtendens
1230 2473 1433 2537 imbre
1467 2471 1884 2538 rotundorum
1916 2470 2198 2559 lapidum

377 2570 742 2636 Obscuram
775 2572 994 2637 reddet
1022 2585 1270 2648 terram,
1315 2572 1550 2658 quibus
1577 2584 1794 2658 postea
1823 2592 2041 2658 pugna

379 2669 804 2736 Contendens
837 2671 1016 2737 facile
1045 2673 1363 2762 superabis
1396 2673 1787 2760 Ligusticum
1817 2672 2181 2739 exercitum.

1278 2866 1368 2934 11.

226 2990 307 3056 Ita
337 3015 481 3078 quae
512 2989 593 3059 ad
622 2992 955 3062 Oceanum
984 3019 1200 3062 versus
1231 2996 1560 3061 meridiem
1592 2996 1706 3061 sita
1736 3007 1907 3072 sunt,
1932 2995 2145 3060 omnia
2174 2991 2522 3081 AEthiopiae

154 3093 549 3175 appellatione
601 3095 790 3160 fuisse
845 3109 1073 3161 notata.
1170 3096 1335 3161 Haec
1375 3097 1746 3162 testimoniis
1787 3095 2186 3184 comprobari
2231 3105 2515 3180 possunt.

158 3189 244 3256 Sic
270 3195 437 3259 enim
468 3194 753 3280 loquitur
779 3195 1117 3284 lEschylus
1149 3193 1536 3260 Prometheo
1570 3194 1829 3260 Soluto:

378 3320 712 3409 Purpurea
743 3346 929 3389 arena
958 3346 1207 3389 sacrum
1242 3322 1444 3388 Rubri

378 3421 732 3488 Fluentum
761 3425 969 3500 maris,

376 3524 605 3609 Atque
637 3546 758 3589 aere
791 3523 1132 3587 micantem
1161 3521 1439 3587 vicinum
1470 3518 1733 3584 Oceano

378 3623 625 3690 Lacum
652 3622 1034 3711 AEthiopum
1065 3621 1581 3700 cunffiferorum,

376 3722 513 3789 Ubi
546 3724 909 3792 omnituens

381 3822 491 3886 Sol
522 3835 835 3910 perpetuo
863 3823 1113 3889 vultum
1144 3822 1570 3887 immortalem

380 3919 828 4008 Laboremque
860 3945 1169 4010 equorum
1202 3923 1413 3988 calidis
1445 3945 1630 4008 aquae

384 4020 605 4091 Mollis
636 4025 1039 4092 effusionibus
1070 4023 1438 4111 permulcet.

1252 4217 1378 4286 111.

232 4344 634 4424 PLuTARcl-l.
668 4354 713 4419 l.
747 4377 806 4420 c.
873 4353 1076 4421 Nunc
1107 4352 1281 4443 quod
1312 4345 1583 4438 potiores
1613 4365 1849 4421 sumus,
1876 4344 2071 4429 iisque
2103 4340 2510 4428 imperamus,

164 4461 271 4511 ¹¹⁰ss
298 4474 435 4522 casu
463 4471 567 4526 aut
598 4456 862 4524 formito
895 4455 985 4534 fit,
1030 4455 1142 4521 sed
1173 4448 1615 4530 Prometheus,
1661 4447 1727 4514 id
1757 4459 1850 4514 est
1880 4444 2132 4516 rationis
2171 4463 2343 4517 usus,
2389 4438 2512 4503 hoc

166 4543 341 4631 efficit,

1345 4646 1418 4715 X
