2909 4884
296 346 474 433 '148
846 329 1538 402 PROM'E'I'HJ
1623 329 2245 400 VINCTUS.

1246 525 1857 594 EPODUS.

702 662 872 732 Mihi
893 684 1041 726 vero
1062 660 1210 746 quia
1232 656 1472 745 aequale
1496 656 1858 744 conjugium
2633 672 2754 733 900

706 764 1035 836 Securum,
1074 781 1200 824 non
1232 778 1478 821 vereor:
1528 777 1732 838 neque
1769 753 2194 841 potentiorum

710 862 999 928 Deorum
1023 881 1219 932 amor,
1242 856 1466 920 oculus
1487 854 1882 929 inevitabilis,
1908 853 2156 939 aspiciat
2178 874 2297 928 me.

700 964 849 1036 ‘Hoc
889 961 1064 1023 enim
1107 955 1353 1034 bellum
1399 954 1789 1030 nebellum·,
1835 954 2142 1018 intricatio

711 1058 1181 1141 Inex‘tricabiIiS,
1232 1080 1347 1130 nec
1379 1056 1510 1142 scio
1550 1041 1749 1140 qualis
1791 1054 2009 1118 forem.

713 1162 890 1228 Nam
914 1143 1084 1225 haud
1109 1156 1252 1222 novi
1276 1154 1602 1241 quomodo
1623 1152 1801 1219 Jovis
1824 1152 2148 1240 effugerim
2173 1149 2526 1217 consilium.
2641 1169 2720 1230 9?
2725 1170 2763 1231 5

1330 1348 1808 1415 ΙΑΜΒΙ.

235 1504 315 1566 V.
377 1517 581 1563 paon.
714 1485 1012 1552 Profeao
1041 1483 1309 1568 Jupiter,
1354 1479 1504 1546 licet
1533 1476 1739 1546 adhuc
1773 1484 1981 1544 mente
2015 1472 2337 1561 pervIcaci‚

260 1579 267 1587 ⁸
714 1586 861 1650 Fiet
893 1583 1171 1656 humilis,
1219 1577 1438 1664 quales
1470 1576 1732 1640 instituit

720 1683 994 1769 Nuptias
1027 1682 1265 1748 nubere
1292 1703 1305 1742 ε
1357 1701 1500 1762 qua:
1532 1676 1736 1761 ipsum
1769 1698 1845 1740 ex
1879 1696 2070 1760 regno

716 1785 800 1850 Et
832 1783 999 1848 soliis
1023 1779 1367 1844 evanidum
1389 1776 1666 1862 ejicient;
1700 1787 1762 1838 et
1787 1773 2153 1860 imprecatio
2176 1770 2365 1860 patris

720 1882 974 1948 Saturni
1002 1892 1139 1946 tum
1163 1880 1294 1965 jam
1322 1877 1588 1940 omnino
1623 1874 1986 1961 perficietur,
2657 1889 2776 1953 910

719 1983 933 2066 Quam
956 1977 1422 2065 imprecabatur
1452 1975 1724 2059 antiquis
1756 1974 1918 2051 soliis
1949 1971 2260 2044 excidens.

725 2080 982 2145 Horum
1013 2077 1301 2141 laborum
1334 2076 1717 2152 aversionem
1754 2074 1971 2139 nullus
2002 2074 2262 2137 deorum

724 2179 959 2244 Praeter
981 2199 1081 2241 me
1107 2175 1329 2262 poterit
1351 2174 1411 2238 ei
1435 2175 1623 2260 plane
1648 2173 1942 2240 indicare.

727 2277 870 2364 Ego
893 2276 1023 2340 haec
1050 2275 1216 2349 novi,
1244 2289 1307 2338 et
1328 2271 1648 2359 quomodo
1667 2273 2078 2361 perficientur:
2114 2272 2521 2360 proindejam

727 2377 1140 2441 Confidenter
1169 2376 1378 2440 sedeat
1410 2374 1582 2438 aeriis
1613 2373 1838 2436 iffibus
2661 2391 2776 2454 915

730 2476 980 2552 Fretus‚
1028 2487 1089 2539 et
1122 2474 1370 2538 vibrans
1403 2473 1693 2536 manibus
1726 2473 2113 2560 ignivomum
2139 2471 2442 2559 jaculum.

737 2575 914 2638 Nam
939 2574 1005 2637 id
1027 2575 1083 2638 ei
1108 2571 1269 2637 nihil
1291 2572 1720 2657 opitulabitur,
1745 2596 1876 2656 quo
1899 2574 2104 2637 minus

730 2672 1069 2737 Inhoneste
1116 2673 1293 2748 ruina
1338 2671 1517 2735 cadat
1549 2672 1967 2762 intolerabili:

738 2772 971 2837 Talem
1002 2772 1421 2836 adversarium
1446 2795 1616 2836 nunc
1642 2787 1942 2861 praeparat

734 2870 878 2958 Ipse
923 2871 1064 2948 sibi,
1114 2885 1466 2936 monstrum
1510 2874 2046 2962 inexpugnabiles
2553 2895 2562 2908 ’
2665 2894 2783 2957 920

738 2973 867 3056 Qui
903 2973 1385 3059 praestantiorem
1414 2973 1674 3038 fulmine
1697 2976 1977 3039 inveniet
1997 2976 2341 3053 flammam,

738 3071 1079 3160 letumque
1110 3072 1397 3137 validum
1430 3087 1831 3159 superantem
1864 3076 2116 3151 tonitru,

735 3172 823 3238 Et
852 3174 1145 3238 morbum
1178 3173 1493 3238 marinum
1525 3184 1700 3237 terrae
1729 3196 2168 3239 concussorem

730 3272 1137 3348 ’Tridentum
1184 3273 1359 3337 illam
1400 3272 1692 3358 Neptuni
1727 3274 1962 3338 hastam
1995 3275 2332 3363 dissipabit.

740 3371 949 3440 Illisus
980 3382 1193 3435 autem
1224 3372 1369 3436 huic
1402 3373 1587 3450 ma10,
1624 3373 1820 3437 discet
2444 3422 2453 3431 .
2673 3388 2790 3458 9⁶25

652 3519 700 3549 ,‚
739 3472 1074 3555 Quantum
1108 3472 1414 3558 imperare
1447 3463 1510 3538 et
1540 3494 1754 3558 parere
1784 3474 2031 3537 distant.

399 3593 600 3640 cnon.
739 3568 849 3633 Tu
878 3570 1085 3655 itaque
1117 3591 1261 3654 quae
1292 3571 1488 3656 cupis,
1533 3571 1639 3634 illa
1671 3571 1818 3637 Jovi
1848 3573 2155 3639 ominaris.

403 3694 615 3758 monn
743 3670 912 3753 Quae
942 3669 1116 3744 fient,
1164 3682 1457 3755 praeterea
1492 3684 1700 3735 autem
1733 3695 1876 3757 quae
1904 3673 2136 3737 vellem
2172 3674 2414 3758 loquor.

401 3792 616 3838 cnon.
754 3759 1243 3856 Expectandum
1272 3768 1460 3857 igitur
1491 3770 1638 3853 Jovi
1671 3772 1948 3860 aliquem
1983 3774 2500 3840 dominaturum?

406 3890 626 3934 PROM.
745 3866 957 3933 Etiam
988 3880 1050 3932 et
1073 3866 1164 3931 his
1188 3867 1433 3933 labores
1457 3870 1978 3956 importabiliores
2001 3875 2352 3946 sustinebit.
2673 3895 2790 3960 932

404 3989 612 4034 cnon.
756 3967 1097 4051 Quomodo
1130 3991 1257 4032 non
1291 3971 1541 4045 metuis,
1588 3971 1735 4037 talia
1766 3973 2094 4059 projiciens
2133 3977 2321 4040 verba
2339 3977 2377 4040 ἱ)

324 4095 350 4119 ··
405 4087 624 4132 enom.
744 4067 920 4150 Quid
948 4091 1061 4155 ego
1104 4080 1406 4146 metuam,
1453 4071 1553 4135 cui
1591 4093 1718 4136 non
1750 4084 1842 4136 est
1875 4073 2058 4138 fatale
2087 4075 2263 4139 mori.

402 4185 609 4232 cHoR.
741 4165 838 4229 At
867 4165 980 4231 tibi
1012 4190 1363 4258 aerumnam
1393 4168 1503 4234 ista
1537 4173 1882 4259 graviorem
1914 4174 2139 4242 inferre
2172 4184 2397 4263 potest.

406 4286 611 4329 Pnom.
744 4263 920 4348 Quin
951 4266 1032 4330 ita
1058 4266 1259 4342 faciat,
1295 4270 1508 4340 omnia
1539 4270 1692 4335 mihi
1724 4276 2136 4358 expeEtanda.
2182 4292 2191 4302 '

406 4384 610 4454 piton.
756 4362 890 4447 Qui
918 4363 1462 4434 coluntvindifibe
1494 4368 1698 4451 deam,
1743 4375 2019 4460 sapiunt.
2678 4393 2792 4460 935

1081 4541 1100 4566 ²
1138 4535 1264 4596 MS.
1349 4537 1564 4624 Bellum
1586 4560 1698 4598 uon
1729 4541 2132 4605 debellandum.
