2909 4884
311 321 430 406 146

804 304 1488 378 PROMETH.
1578 301 2202 376 VINCTUS.

636 463 733 534 ‘Et
761 463 1092 530 oraculum
1121 473 1185 526 et
1212 460 1391 525 sedes
1419 459 1459 524 J
1463 462 1593 527 ovis
1627 460 1986 550 Thesproti,

643 563 1169 649 Miraculurnque
1201 558 1594 637 incredibile,
1630 585 1900 648 quercus
1928 562 2330 651 adloquaces,

648 663 716 732 Α
749 664 985 753 quibus
1012 672 1084 725 tu
1113 658 1278 724 clare
1309 674 1372 724 et
1401 682 1531 724 non
1564 661 1947 751 aem'gmatice

654 765 929 831 Salutata
959 785 1023 827 es
1054 760 1286 846 inclyta
1312 757 1487 824 Jovis
1516 759 1721 825 futura

650 865 929 951 Coniux,
974 862 1024 928 si
1053 858 1246 926 modo
1276 858 1434 944 quid
1467 858 1586 924 hoc
1613 858 2019 926 adblanditur
2043 860 2180 938 tibi,

648 962 812 1030 Inde
835 973 1021 1026 oestro
1044 959 1284 1024 concita
1305 957 1641 1025 littoralem

650 1061 839 1127 Viam
870 1081 1123 1125 emensa
1152 1080 1218 1123 es
1248 1058 1327 1122 ad
1359 1080 1670 1146 magnum
1704 1058 1901 1125 Rheae
1931 1061 2167 1138 sinum,

652 1159 849 1227 Unde
881 1158 1212 1247 retrovagis
1242 1158 1526 1223 cursibus
1554 1162 1819 1225 vexaris.

654 1258 735 1325 In
768 1271 1084 1347 posterum
1125 1270 1336 1321 autem
1366 1279 1643 1323 secessus
1670 1256 1771 1323 ille
1811 1259 2157 1326 maritimus

653 1360 778 1426 Pro
808 1370 977 1424 certo
1009 1357 1129 1422 hoc
1161 1357 1333 1432 scias,
1380 1354 1702 1422 vocabitur
1730 1356 1971 1435 Ionius,

655 1458 1140 1524 Monimentum
1169 1456 1263 1521 tui
1293 1454 1531 1521 itineris
1559 1458 1857 1525 omnibus
1879 1459 2259 1526 hominibus·

658 1560 826 1625 Haec
856 1558 969 1624 tibi
1000 1568 1147 1623 sunt
1176 1557 1371 1646 signa,
1418 1557 1591 1644 quod
1623 1580 1804 1624 mens
1835 1582 1978 1625 mea

648 1660 883 1724 Cernat
912 1657 1055 1747 plus
1082 1678 1280 1742 quam
1309 1656 1486 1742 quod
1517 1671 1793 1744 apparet.

657 1757 931 1847 Reliqua
959 1757 1256 1844 deinceps
1284 1756 1350 1821 in
1378 1757 1706 1822 communi
1732 1757 1912 1823 vobis
1940 1772 2004 1822 et
2031 1758 2127 1823 isti
2157 1758 2386 1837 dicam,

661 1858 974 1924 Reversus
1004 1856 1084 1921 ad
1114 1857 1385 1921 traditum
1414 1856 1698 1942 priorum
1727 1878 2117 1925 semionum.

656 1956 832 2023 Urbs
862 1967 955 2020 est
983 1952 1288 2020 Canobus
1315 1966 1493 2019 terrae
1517 1968 1818 2032 extrema,

657 2058 771 2123 Ad
802 2059 1012 2146 ipsum
1049 2051 1186 2119 Nili
1215 2056 1439 2119 ostium
1471 2067 1535 2120 et
1564 2078 1858 2144 aggerem
1886 2057 2036 2122 sita:

658 2157 760 2223 Ibi
790 2156 1052 2245 quidem
1080 2153 1330 2243 Jupiter
1358 2168 1421 2220 te
1453 2154 1682 2221 efficiet
1710 2157 1940 2222 mentis
1967 2172 2352 2247 compotem,

656 2258 911 2325 Placida
942 2269 1192 2323 tantum
1221 2259 1553 2323 attrectans
1582 2268 1647 2321 et
1673 2254 1935 2342 palpans
1963 2282 2181 2326 manu.
2232 2307 2240 2316 -

656 2359 1129 2448 Cognominem
1155 2379 1304 2421 vero
1336 2355 1774 2445 prolificationi
1800 2353 1842 2420 J
1845 2358 1975 2423 ovis

660 2458 874 2524 Paries
905 2459 1162 2547 nigrum
1196 2455 1558 2544 Epaphum,
1605 2458 1716 2543 qui
1748 2459 1989 2524 fruetur
2012 2468 2205 2538 tanta,

658 2561 985 2646 Quantam
1014 2555 1286 2622 latifluus
1324 2555 1518 2623 Nilus
1545 2558 1770 2647 irrigat,
1803 2572 1985 2625 terra.

666 2658 781 2724 Ab
815 2658 926 2724 illo
954 2655 1274 2747 generatio
1299 2656 1521 2741 quinta
1551 2657 1898 2729 liberorum
1924 2661 2382 2752 quinquaginta

665 2757 930 2825 Redibit
959 2757 1171 2845 Argos
1201 2777 1330 2821 non
1362 2755 1590 2823 lubens

664 2856 1047 2933 Foeminina‚
1099 2855 1348 2944 fugiens
1376 2870 1670 2946 cognatas
1700 2863 1952 2949 nuptias

666 2958 1052 3023 Patruelium
1083 2978 1098 3019 ε
1147 2954 1243 3020 illi
1272 2967 1486 3019 autem
1515 2958 1742 3023 animis
1774 2959 2070 3039 attoniti&

674 3057 764 3122 Ut
790 3056 930 3122 circi
963 3079 1091 3120 non
1124 3053 1343 3142 procul
1374 3054 1570 3119 relicti
1599 3077 1632 3119 a
1662 3056 1993 3136 columbis,

668 3155 1170 3223 InseRabuntur
1195 3166 1515 3242 captantes
1545 3177 1674 3219 non
1707 3158 2042 3245 captandas

671 3255 975 3344 Nuptiae,
1022 3268 1114 3321 ast
1143 3254 1461 3320 invidebit
1489 3255 1581 3319 eis
1607 3255 1764 3321 deus
1791 3280 2092 3346 corpora:

668 3358 925 3447 Pelasga
954 3380 1104 3423 vero
1130 3367 1291 3421 terra
1335 3357 1604 3444 excipiet
1633 3355 1933 3423 foemineo

674 3456 870 3524 Ferro
899 3455 1187 3532 domitos,
1219 3455 1847 3523 noffis-observatrici
1876 3457 2156 3526 audacia.

673 3556 917 3623 Mulier
945 3557 1116 3621 enim
1147 3577 1423 3643 quaeque
1453 3576 1641 3619 suurn
1671 3556 1880 3621 virum
1906 3558 2029 3622 vita
2057 3557 2346 3646 privabit,

675 3658 939 3743 Anceps
968 3654 1252 3744 gladium
1279 3654 1451 3718 caede
1481 3653 1760 3743 tingens:

678 3756 856 3822 Talis
878 3756 1124 3820 eveniat
1145 3749 1433 3819 hostibus
1466 3755 1618 3820 meis
1650 3754 1889 3823 Venus.

676 3857 899 3924 Unam
929 3867 1140 3920 tamen
1173 3853 1528 3942 puellarum
1553 3877 1728 3920 amor
1747 3856 2162 3942 demulcebit,
2185 3875 2411 3931 utnon

679 3955 995 4023 Maritum
1023 3955 1291 4031 occidat,
1336 3955 1447 4020 sed
1480 3956 1838 4045 languescet

680 4057 746 4121 A
781 4054 1140 4144 proposito;
1190 4066 1252 4120 et
1281 4078 1359 4120 ex
1388 4056 1643 4122 duobus
1675 4058 1942 4138 alterurn
1973 4060 2188 4150 eliget,

676 4155 909 4222 Cluere
940 4156 1145 4244 potius
1172 4157 1417 4245 ignava,
1462 4179 1658 4242 quam
1687 4158 1857 4223 caede
1888 4162 2148 4248 polluta.

677 4254 848 4322 Haec
878 4256 944 4320 in
976 4253 1192 4344 Argo¹
1223 4255 1464 4343 regium
1494 4257 1688 4343 pariet
1717 4273 1943 4346 genus.

1310 4487 1327 4515 ¹
1367 4480 1499 4546 MS.
1580 4481 1780 4563 Argis„

2445 575 2536 600 *⁴*—

2579 463 2709 547 833

2605 3467 2730 3536 860

2609 3964 2729 4050 865
