2909 4884
177 3063 345 3117 CHOR.

175 3553 349 3615 nou.

645 308 1324 380 P‘ROMETH.
1412 313 2023 387 VINCTU&

485 463 815 532 Phorcides
841 467 1069 553 puellae
1100 467 1398 556 longevae
1418 485 1439 515 Β
1469 468 1758 537 habitant

483 559 638 630 Tres
660 568 1099 655 cygniformes‚
1132 567 1393 633 oculum
1426 592 1829 637 communem
1861 574 2246 661 possidentes

487 661 560 725 Et
594 664 845 729 <lentem
884 691 1106 742 unum,
1142 691 1299 753 quas
1332 692 1541 753 neque
1575 694 1859 758 unquam
1892 674 1989 738 sol
2019 677 2241 763 aspicit

484 763 720 838 Raetiis,
772 790 977 851 neque
1012 771 1315 831 nofilurna
1350 768 1522 833 luna.

480 862 680 950 Prope
708 875 918 930 autem
950 865 1174 932 harum
1202 888 1437 930 sorores
1467 880 1588 933 tres
1618 868 1886 957 aligerae,

478 963 895 1051 Anguicomae
926 967 1317 1031 viris-invisae
1351 965 1706 1054 Gorgones,

477 1059 645 1148 Quas
680 1066 869 1130 horno
903 1068 1119 1132 nullus
1150 1067 1548 1153 conspicatus
1580 1069 1872 1135 retinebit
1901 1072 2203 1158 spiritum.

480 1163 709 1227 Talem
741 1165 856 1229 tibi
892 1166 1072 1253 hujus
1100 1167 1313 1230 indico
1344 1168 1854 1252 praecautionem.

474 1263 677 1328 Aliud
707 1287 858 1329 vero
888 1267 1096 1331 audias
1125 1267 1441 1355 ingratum
1473 1268 1916 1352 spectaculum.

476 1361 749 1429 Voraces
779 1365 947 1430 enim
981 1379 1189 1430 mutos
1218 1365 1390 1429 Jovis
1420 1387 1608 1430 canes

475 1462 768 1552 Gryphes
800 1480 1033 1542 cavet0,
1082 1477 1146 1530 et
1176 1465 1623 1530 monoculum⁹
1653 1465 1999 1530 exercitum

478 1564 965 1652 Arimasporum
995 1577 1373 1653 equestrem,
1421 1564 1528 1649 qui
1558 1563 1895 1628 aurifluum

476 1663 786 1729 Habitant
810 1664 989 1752 juxta
1023 1664 1276 1729 laticem
1310 1662 1605 1738 Plutonis
1633 1660 1832 1726 alvei:

477 1761 618 1828 Hos
653 1778 722 1827 tu
756 1785 838 1828 ne
870 1762 1144 1849 adpetas.
1238 1761 1357 1828 Sed
1386 1763 1451 1826 in
1486 1761 1899 1850 longinquam
1932 1772 2162 1826 terram

477 1862 585 1926 Ad
620 1862 939 1950 populum
971 1864 1218 1950 nigrum
1242 1864 1588 1950 pervenies,
1636 1864 1749 1947 qui
1782 1861 1862 1926 ad
1892 1862 2036 1928 solis

480 1961 743 2050 Degunt
778 1963 1000 2040 sonteS,
1050 1963 1158 2028 ubi
1188 1962 1410 2027 fluvius
1440 1961 1760 2049 AEthiopS.

478 2061 543 2125 H
554 2065 690 2149 ujus
709 2062 977 2127 -incedas
999 2063 1177 2149 juxta
1209 2062 1393 2148 ripas,
1439 2060 1642 2126 donec
1673 2062 1935 2150 attingas

476 2160 948 2239 Catabasmum,
997 2162 1109 2227 ubi
1138 2162 1218 2227 de
1250 2161 1572 2227 montibus
1614 2162 1894 2248 byblinis

479 2258 675 2325 Nilus
696 2261 976 2328 ,effundit
1004 2261 1252 2327 fluxum
1285 2259 1715 2325 venerandum
1747 2259 2313 2348 potu-jucundum.

476 2359 541 2423 H
552 2362 608 2425 ic
639 2375 702 2426 te
735 2360 925 2426 ducet
957 2363 1023 2427 in
1057 2376 1283 2427 terram
1313 2362 1680 2448 triquetram

478 2458 790 2537 Nilotida,
841 2462 954 2526 ubi
988 2461 1245 2549 longam
1276 2460 1592 2525 coloniam

468 2558 763 2625 Condere
796 2561 933 2636 tibi,
969 2559 1063 2638 10,
1095 2575 1159 2624 et
1191 2561 1334 2625 filiis
1362 2561 1502 2637 tuis,
1550 2570 1644 2624 est
1674 2559 1800 2624 fato
1829 2582 2215 2625 concessum.

474 2656 734 2726 Horum
758 2660 809 2724 si
831 2659 989 2748 quid
1011 2674 1104 2726 est
1124 2659 1236 2725 tibi
1257 2659 1702 2748 imperfectum
1723 2675 1787 2726 et
1807 2661 2104 2726 inventu-

642 2758 922 2835 difficile,

469 2854 741 2946 Repetas
771 2871 834 2923 et
864 2860 1114 2947 planius
1143 2860 1416 2926 ediscas:

468 2957 727 3046 Quippe
762 2959 918 3026 mibi
952 2960 1097 3046 plus
1128 2961 1300 3024 adest
1329 2961 1437 3024 otii
1471 2982 1667 3045 quarn
1696 2957 1911 3024 velini.

468 3057 536 3121 Si
568 3057 724 3143 quid
758 3057 907 3126 huic
942 3058 1259 3144 reliquum
1287 3073 1395 3124 aut
1421 3062 1721 3128 omissum

474 3154 747 3220 Narrare
780 3174 955 3244 potes
978 3160 1057 3222 de
1078 3161 1402 3246 vagatione
1426 3160 1614 3225 valde
1639 3159 2013 3246 perniciosa,

471 3253 711 3330 Naxra;
750 3259 859 3328 sin·
878 3272 1087 3323 autem
1118 3260 1330 3324 omnia
1359 3259 1724 3346 exposuisti,
1761 3258 1951 3322 nobis
1975 3256 2246 3322 vicissim

639 3357 921 3423 officium

467 3456 692 3521 Praesta
722 3458 1225 3548 quodsspetimus,
1274 3458 1588 3545 siquidem
1621 3457 1995 3523 meministi.

464 3556 632 3626 Haec
663 3559 1008 3623 terminum
1040 3560 1315 3646 percepit
1345 3560 1529 3623 totius
1559 3556 1898 3645 vagationis
1927 3577 2096 3620 suae:

472 3657 597 3723 Sed
630 3671 701 3722 ut
733 3658 879 3723 sciat
908 3680 972 3722 se
1006 3682 1135 3723 non
1168 3660 1391 3725 frustra
1420 3658 1637 3724 audire
1669 3680 1792 3733 me,

470 3759 635 3843 Quae
666 3760 833 3845 prius
865 3760 1203 3824 exantlavit
1233 3783 1427 3846 quam
1463 3759 1588 3823 huc
1618 3758 1814 3832 venit,
1847 3775 2185 3840 exponam,-

470 3859 621 3924 Hoc
653 3861 713 3924 ei
746 3859 1059 3925 exbibens
1090 3861 1339 3947 signum
1370 3858 1637 3922 veritatis
1675 3855 1967 3920 orationis
1999 3873 2178 3917 meae.

468 3959 589 4024 Sed
619 3959 909 4023 omittam
939 3959 1276 4024 verborum
1306 3958 1563 4022 turbam
1595 3955 1952 4042 plurimam,

466 4057 549 4123 Et
581 4080 841 4146 pergam
872 4058 951 4122 ad
980 4059 1191 4145 ipsum
1221 4079 1503 4122 errorum
1535 4052 1897 4118 terminum.

464 4158 811 4247 Postquam
842 4158 1171 4244 pervenisti
1204 4157 1269 4220 in
1303 4156 1629 4243 regionem
1663 4149 2037 4223 Molossam,

467 4256 551 4324 Et
586 4258 664 4325 ad
697 4258 1085 4323 eminentem
1124 4254 1486 4332 Dodonam,
1536 4250 1648 4317 ubi

590 4472 613 4505 ⁸
650 4473 783 4535 MS.
862 4473 1086 4536 Vetula.
1442 4477 1465 4509 ⁹
1504 4467 1632 4527 MS.
1713 4460 2056 4522 Unoculum.

1344 4601 1409 4669 U

2421 347 2538 412 145

2407 695 2535 765 795

2408 1172 2541 1241 802

2407 1662 2534 1747 805

2407 2165 2535 2231 810

2407 2759 2534 2844 815‘

2403 3355 2534 3420 820

2405 3844 2531 3927 825
