<?xml version="1.0" encoding="UTF-8"?>
<!DOCTYPE html PUBLIC "-//W3C//DTD XHTML 1.0 Transitional//EN"
    "http://www.w3.org/TR/xhtml1/DTD/xhtml1-transitional.dtd">
<html xmlns="http://www.w3.org/1999/xhtml" xml:lang="en" lang="en">
 <head>
  <title>
</title>
<meta http-equiv="Content-Type" content="text/html;charset=utf-8" />
  <meta name='ocr-system' content='tesseract 3.04.00' />
  <meta name='ocr-capabilities' content='ocr_page ocr_carea ocr_par ocr_line ocrx_word'/>
</head>
<body>
  <div class='ocr_page' id='page_1' title='image "./schylitragdiqus01unkngoog_0499.png"; bbox 0 0 2909 4884; ppageno 0'>
   <div class='ocr_carea' id='block_1_1' title="bbox 423 339 2524 419">
    <p class='ocr_par' dir='ltr' id='par_1_1' title="bbox 423 339 2524 419">
     <span class='ocr_line' id='line_1_1' title="bbox 423 339 2524 419; baseline -0.006 0"><span class='ocrx_word' id='word_1_1' title='bbox 423 347 702 419; x_wconf 79' lang='lat' dir='ltr'><strong>NOTAE</strong></span> <span class='ocrx_word' id='word_1_2' title='bbox 745 341 1023 417; x_wconf 76' lang='lat' dir='ltr'>VARR.</span> <span class='ocrx_word' id='word_1_3' title='bbox 1070 341 1200 417; x_wconf 87' lang='lat' dir='ltr'><strong>ET·</strong></span> <span class='ocrx_word' id='word_1_4' title='bbox 1227 341 1628 416; x_wconf 78' lang='lat' dir='ltr'>BUTLERI</span> <span class='ocrx_word' id='word_1_5' title='bbox 1677 339 2257 414; x_wconf 68' lang='lat' dir='ltr'><strong>PHILOLOGG.</strong></span> <span class='ocrx_word' id='word_1_6' title='bbox 2394 352 2524 411; x_wconf 71' lang='grc' dir='ltr'><strong>9.ιί</strong></span> 
     </span>
    </p>
   </div>
   <div class='ocr_carea' id='block_1_2' title="bbox 111 499 2532 4649">
    <p class='ocr_par' dir='ltr' id='par_1_2' title="bbox 111 499 2529 2297">
     <span class='ocr_line' id='line_1_2' title="bbox 219 499 2524 603; baseline -0.004 -32"><span class='ocrx_word' id='word_1_7' title='bbox 219 505 450 594; x_wconf 81' lang='lat' dir='ltr'>Atque</span> <span class='ocrx_word' id='word_1_8' title='bbox 490 508 668 594; x_wconf 86' lang='lat' dir='ltr'><strong>quod</strong></span> <span class='ocrx_word' id='word_1_9' title='bbox 713 507 1091 572; x_wconf 82' lang='lat' dir='ltr'><strong>Aristoteles</strong></span> <span class='ocrx_word' id='word_1_10' title='bbox 1126 503 1571 595; x_wconf 68' lang='lat' dir='ltr'><strong>pronmniavit</strong></span> <span class='ocrx_word' id='word_1_11' title='bbox 1599 502 1987 603; x_wconf 56' lang='lat' dir='ltr'><strong>tragoedia</strong></span> <span class='ocrx_word' id='word_1_12' title='bbox 2017 501 2081 564; x_wconf 57' lang='grc' dir='ltr'><strong>δ’</strong></span> <span class='ocrx_word' id='word_1_13' title='bbox 2110 509 2221 566; x_wconf 65' lang='grc' dir='ltr'><strong>ωε</strong></span> <span class='ocrx_word' id='word_1_14' title='bbox 2248 504 2340 564; x_wconf 57' lang='lat' dir='ltr'><strong>aa}</strong></span> <span class='ocrx_word' id='word_1_15' title='bbox 2368 499 2524 580; x_wconf 63' lang='lat'><strong>066⁸,</strong></span> 
     </span>
     <span class='ocr_line' id='line_1_3' title="bbox 125 589 2525 692; baseline -0.003 -36"><span class='ocrx_word' id='word_1_16' title='bbox 125 593 588 678; x_wconf 70' lang='lat' dir='ltr'><strong>misericordia</strong></span> <span class='ocrx_word' id='word_1_17' title='bbox 669 608 738 658; x_wconf 86' lang='lat' dir='ltr'><strong>et</strong></span> <span class='ocrx_word' id='word_1_18' title='bbox 813 608 996 659; x_wconf 88' lang='lat' dir='ltr'><strong>metu</strong></span> <span class='ocrx_word' id='word_1_19' title='bbox 1077 594 1343 681; x_wconf 73' lang='lat' dir='ltr'><strong>tragicis</strong></span> <span class='ocrx_word' id='word_1_20' title='bbox 1419 590 1781 692; x_wconf 75' lang='lat' dir='ltr'><strong>phantasiis</strong></span> <span class='ocrx_word' id='word_1_21' title='bbox 1850 589 2164 668; x_wconf 77' lang='lat' dir='ltr'><strong>excitato,</strong></span> <span class='ocrx_word' id='word_1_22' title='bbox 2227 606 2525 652; x_wconf 72' lang='lat' dir='ltr'><strong>verarum</strong></span> 
     </span>
     <span class='ocr_line' id='line_1_4' title="bbox 111 674 2527 775; baseline -0.002 -33"><span class='ocrx_word' id='word_1_23' title='bbox 111 678 467 764; x_wconf 57' lang='lat' dir='ltr'><strong>ejusmodi</strong></span> <span class='ocrx_word' id='word_1_24' title='bbox 541 681 1099 768; x_wconf 75' lang='lat' dir='ltr'><strong>perturbationum</strong></span> <span class='ocrx_word' id='word_1_25' title='bbox 1159 693 1632 745; x_wconf 77' lang='lat' dir='ltr'><strong>correctionem</strong></span> <span class='ocrx_word' id='word_1_26' title='bbox 1692 697 1806 740; x_wconf 88' lang='lat' dir='ltr'><strong>seu</strong></span> <span class='ocrx_word' id='word_1_27' title='bbox 1866 674 2322 775; x_wconf 75' lang='lat' dir='ltr'><strong>purgationem</strong></span> <span class='ocrx_word' id='word_1_28' title='bbox 2379 692 2527 772; x_wconf 88' lang='lat' dir='ltr'><strong>per-</strong></span> 
     </span>
     <span class='ocr_line' id='line_1_5' title="bbox 131 759 2525 848; baseline -0.002 -21"><span class='ocrx_word' id='word_1_29' title='bbox 131 764 339 830; x_wconf 69' lang='lat' dir='ltr'><strong>ficere</strong></span> <span class='ocrx_word' id='word_1_30' title='bbox 380 773 650 848; x_wconf 58' lang='lat' dir='ltr'><strong>(erg-Sum</strong></span> <span class='ocrx_word' id='word_1_31' title='bbox 691 770 900 831; x_wconf 58' lang='grc' dir='ltr'><strong>’τούτου</strong></span> <span class='ocrx_word' id='word_1_32' title='bbox 943 769 1261 846; x_wconf 60' lang='grc' dir='ltr'><strong>«μαθημάτων</strong></span> <span class='ocrx_word' id='word_1_33' title='bbox 1306 769 1575 847; x_wconf 57' lang='grc' dir='ltr'><strong>κάθαρσιν)</strong></span> <span class='ocrx_word' id='word_1_34' title='bbox 1621 764 1663 828; x_wconf 76' lang='lat' dir='ltr'><strong>l.</strong></span> <span class='ocrx_word' id='word_1_35' title='bbox 1688 784 1748 827; x_wconf 80' lang='lat' dir='ltr'><strong>e.</strong></span> <span class='ocrx_word' id='word_1_36' title='bbox 1787 761 2067 841; x_wconf 68' lang='lat' dir='ltr'><strong>efficere,</strong></span> <span class='ocrx_word' id='word_1_37' title='bbox 2110 782 2197 824; x_wconf 75' lang='lat' dir='ltr'><strong>ne</strong></span> <span class='ocrx_word' id='word_1_38' title='bbox 2226 759 2525 846; x_wconf 53' lang='lat' dir='ltr'><strong>homme}</strong></span> 
     </span>
     <span class='ocr_line' id='line_1_6' title="bbox 119 847 2524 940; baseline -0.002 -25"><span class='ocrx_word' id='word_1_39' title='bbox 119 851 208 915; x_wconf 82' lang='lat' dir='ltr'><strong>-in</strong></span> <span class='ocrx_word' id='word_1_40' title='bbox 269 853 408 918; x_wconf 77' lang='lat' dir='ltr'><strong>vita</strong></span> <span class='ocrx_word' id='word_1_41' title='bbox 451 852 633 939; x_wconf 87' lang='lat' dir='ltr'><strong>justo</strong></span> <span class='ocrx_word' id='word_1_42' title='bbox 688 852 827 940; x_wconf 85' lang='lat' dir='ltr'><strong>plus</strong></span> <span class='ocrx_word' id='word_1_43' title='bbox 886 854 1181 917; x_wconf 78' lang='lat' dir='ltr'><strong>minusve</strong></span> <span class='ocrx_word' id='word_1_44' title='bbox 1239 875 1296 917; x_wconf 73' lang='lat' dir='ltr'><strong>m</strong></span> <span class='ocrx_word' id='word_1_45' title='bbox 1347 851 1628 915; x_wconf 81' lang='lat' dir='ltr'><strong>titudine</strong></span> <span class='ocrx_word' id='word_1_46' title='bbox 1688 847 1789 913; x_wconf 82' lang='lat' dir='ltr'><strong>vel</strong></span> <span class='ocrx_word' id='word_1_47' title='bbox 1846 861 2028 913; x_wconf 84' lang='lat' dir='ltr'><strong>metu</strong></span> <span class='ocrx_word' id='word_1_48' title='bbox 2088 847 2524 922; x_wconf 83' lang='lat' dir='ltr'><strong>afficerentur,</strong></span> 
     </span>
     <span class='ocr_line' id='line_1_7' title="bbox 131 930 2521 1011; baseline -0.003 -9"><span class='ocrx_word' id='word_1_49' title='bbox 131 937 258 1002; x_wconf 76' lang='lat' dir='ltr'><strong>sed</strong></span> <span class='ocrx_word' id='word_1_50' title='bbox 311 940 380 1002; x_wconf 84' lang='lat' dir='ltr'><strong>in</strong></span> <span class='ocrx_word' id='word_1_51' title='bbox 429 940 528 1005; x_wconf 80' lang='lat' dir='ltr'><strong>his</strong></span> <span class='ocrx_word' id='word_1_52' title='bbox 578 938 921 1005; x_wconf 79' lang='lat' dir='ltr'><strong>affectibus</strong></span> <span class='ocrx_word' id='word_1_53' title='bbox 972 959 1230 1004; x_wconf 80' lang='lat' dir='ltr'><strong>auream</strong></span> <span class='ocrx_word' id='word_1_54' title='bbox 1281 938 1457 1003; x_wconf 83' lang='lat' dir='ltr'><strong>ilam</strong></span> <span class='ocrx_word' id='word_1_55' title='bbox 1503 936 2023 1001; x_wconf 69' lang='lat' dir='ltr'><strong>mediocritatem</strong></span> <span class='ocrx_word' id='word_1_56' title='bbox 2076 949 2393 1011; x_wconf 84' lang='lat' dir='ltr'><strong>tenerent,</strong></span> <span class='ocrx_word' id='word_1_57' title='bbox 2453 930 2521 996; x_wconf 89' lang='lat' dir='ltr'><strong>id</strong></span> 
     </span>
     <span class='ocr_line' id='line_1_8' title="bbox 133 1018 2525 1113; baseline -0.003 -23"><span class='ocrx_word' id='word_1_58' title='bbox 133 1023 448 1111; x_wconf 68' lang='lat' dir='ltr'><strong>profecto</strong></span> <span class='ocrx_word' id='word_1_59' title='bbox 513 1027 581 1089; x_wconf 88' lang='lat' dir='ltr'><strong>in</strong></span> <span class='ocrx_word' id='word_1_60' title='bbox 637 1025 765 1092; x_wconf 79' lang='lat' dir='ltr'><strong>hac</strong></span> <span class='ocrx_word' id='word_1_61' title='bbox 825 1026 1151 1113; x_wconf 76' lang='lat' dir='ltr'><strong>tragoedia</strong></span> <span class='ocrx_word' id='word_1_62' title='bbox 1205 1026 1301 1090; x_wconf 84' lang='lat' dir='ltr'><strong>sic</strong></span> <span class='ocrx_word' id='word_1_63' title='bbox 1358 1022 1641 1089; x_wconf 68' lang='lat' dir='ltr'><strong>institnit</strong></span> <span class='ocrx_word' id='word_1_64' title='bbox 1692 1038 1764 1086; x_wconf 83' lang='lat' dir='ltr'><strong>et</strong></span> <span class='ocrx_word' id='word_1_65' title='bbox 1818 1019 2099 1109; x_wconf 73' lang='lat' dir='ltr'><strong>perfecit</strong></span> <span class='ocrx_word' id='word_1_66' title='bbox 2156 1018 2525 1105; x_wconf 77' lang='lat' dir='ltr'><strong>AEschylus,</strong></span> 
     </span>
     <span class='ocr_line' id='line_1_9' title="bbox 135 1106 2524 1198; baseline -0.002 -23"><span class='ocrx_word' id='word_1_67' title='bbox 135 1126 216 1175; x_wconf 78' lang='lat' dir='ltr'><strong>nt</strong></span> <span class='ocrx_word' id='word_1_68' title='bbox 283 1112 353 1175; x_wconf 85' lang='lat' dir='ltr'><strong>in</strong></span> <span class='ocrx_word' id='word_1_69' title='bbox 413 1131 557 1176; x_wconf 85' lang='lat' dir='ltr'><strong>eam</strong></span> <span class='ocrx_word' id='word_1_70' title='bbox 621 1110 919 1192; x_wconf 74' lang='lat' dir='ltr'><strong>somam,</strong></span> <span class='ocrx_word' id='word_1_71' title='bbox 986 1131 1181 1198; x_wconf 84' lang='lat' dir='ltr'><strong>quam</strong></span> <span class='ocrx_word' id='word_1_72' title='bbox 1242 1112 1463 1178; x_wconf 88' lang='lat' dir='ltr'><strong>animo</strong></span> <span class='ocrx_word' id='word_1_73' title='bbox 1518 1108 2021 1196; x_wconf 79' lang='lat' dir='ltr'><strong>comprehendit</strong></span> <span class='ocrx_word' id='word_1_74' title='bbox 2077 1106 2524 1194; x_wconf 72' lang='lat' dir='ltr'><strong>philosophus,</strong></span> 
     </span>
     <span class='ocr_line' id='line_1_10' title="bbox 117 1192 2524 1286; baseline -0.001 -26"><span class='ocrx_word' id='word_1_75' title='bbox 117 1195 320 1262; x_wconf 84' lang='lat' dir='ltr'><strong>-nulla</strong></span> <span class='ocrx_word' id='word_1_76' title='bbox 361 1199 591 1262; x_wconf 78' lang='lat' dir='ltr'><strong>melius</strong></span> <span class='ocrx_word' id='word_1_77' title='bbox 641 1197 885 1262; x_wconf 85' lang='lat' dir='ltr'><strong>includi</strong></span> <span class='ocrx_word' id='word_1_78' title='bbox 934 1219 1122 1286; x_wconf 85' lang='lat' dir='ltr'><strong>posse</strong></span> <span class='ocrx_word' id='word_1_79' title='bbox 1173 1198 1484 1263; x_wconf 86' lang='lat' dir='ltr'><strong>videatur.</strong></span> <span class='ocrx_word' id='word_1_80' title='bbox 1572 1195 1897 1284; x_wconf 79' lang='lat' dir='ltr'><strong>Magnam</strong></span> <span class='ocrx_word' id='word_1_81' title='bbox 1939 1214 2115 1272; x_wconf 71' lang='lat' dir='ltr'><strong>satie,</strong></span> <span class='ocrx_word' id='word_1_82' title='bbox 2158 1192 2304 1279; x_wconf 89' lang='lat' dir='ltr'><strong>quis</strong></span> <span class='ocrx_word' id='word_1_83' title='bbox 2345 1193 2524 1258; x_wconf 88' lang='lat' dir='ltr'><strong>enim</strong></span> 
     </span>
     <span class='ocr_line' id='line_1_11' title="bbox 122 1279 2523 1371; baseline -0.002 -23"><span class='ocrx_word' id='word_1_84' title='bbox 122 1286 381 1371; x_wconf 71' lang='lat' dir='ltr'><strong>neget?</strong></span> <span class='ocrx_word' id='word_1_85' title='bbox 443 1284 950 1350; x_wconf 75' lang='lat' dir='ltr'><strong>misericordiam</strong></span> <span class='ocrx_word' id='word_1_86' title='bbox 993 1285 1244 1350; x_wconf 76' lang='lat' dir='ltr'><strong>excitat</strong></span> <span class='ocrx_word' id='word_1_87' title='bbox 1285 1284 1354 1347; x_wconf 89' lang='lat' dir='ltr'><strong>in</strong></span> <span class='ocrx_word' id='word_1_88' title='bbox 1395 1297 1833 1370; x_wconf 81' lang='lat' dir='ltr'><strong>spectatorum</strong></span> <span class='ocrx_word' id='word_1_89' title='bbox 1880 1279 2117 1345; x_wconf 82' lang='lat' dir='ltr'><strong>animis</strong></span> <span class='ocrx_word' id='word_1_90' title='bbox 2144 1279 2523 1344; x_wconf 75' lang='lat' dir='ltr'><strong>Promethei</strong></span> 
     </span>
     <span class='ocr_line' id='line_1_12' title="bbox 137 1365 2524 1459; baseline -0.001 -25"><span class='ocrx_word' id='word_1_91' title='bbox 137 1369 427 1434; x_wconf 80' lang='lat' dir='ltr'><strong>fortuna.</strong></span> <span class='ocrx_word' id='word_1_92' title='bbox 560 1370 732 1434; x_wconf 85' lang='lat' dir='ltr'><strong>Nam</strong></span> <span class='ocrx_word' id='word_1_93' title='bbox 781 1386 852 1434; x_wconf 87' lang='lat' dir='ltr'><strong>et</strong></span> <span class='ocrx_word' id='word_1_94' title='bbox 901 1372 1257 1459; x_wconf 77' lang='lat' dir='ltr'><strong>indignitas</strong></span> <span class='ocrx_word' id='word_1_95' title='bbox 1304 1369 1645 1449; x_wconf 83' lang='lat' dir='ltr'><strong>malorum,</strong></span> <span class='ocrx_word' id='word_1_96' title='bbox 1716 1390 1858 1453; x_wconf 73' lang='lat' dir='ltr'><strong>quse</strong></span> <span class='ocrx_word' id='word_1_97' title='bbox 1920 1365 2315 1432; x_wconf 87' lang='lat' dir='ltr'><strong>immeritum</strong></span> <span class='ocrx_word' id='word_1_98' title='bbox 2378 1388 2524 1452; x_wconf 84' lang='lat' dir='ltr'><strong>pre-</strong></span> 
     </span>
     <span class='ocr_line' id='line_1_13' title="bbox 133 1451 2526 1541; baseline -0.001 -21"><span class='ocrx_word' id='word_1_99' title='bbox 133 1458 435 1534; x_wconf 69' lang='lat' dir='ltr'><strong>mebant,</strong></span> <span class='ocrx_word' id='word_1_100' title='bbox 495 1470 565 1522; x_wconf 77' lang='lat' dir='ltr'><strong>et</strong></span> <span class='ocrx_word' id='word_1_101' title='bbox 615 1457 1018 1522; x_wconf 80' lang='lat' dir='ltr'><strong>vinculorum</strong></span> <span class='ocrx_word' id='word_1_102' title='bbox 1065 1458 1602 1541; x_wconf 74' lang='lat' dir='ltr'><strong>cruciatumque</strong></span> <span class='ocrx_word' id='word_1_103' title='bbox 1658 1455 1904 1533; x_wconf 86' lang='lat' dir='ltr'><strong>diritas,</strong></span> <span class='ocrx_word' id='word_1_104' title='bbox 1965 1466 2037 1519; x_wconf 81' lang='lat' dir='ltr'><strong>et</strong></span> <span class='ocrx_word' id='word_1_105' title='bbox 2090 1451 2395 1531; x_wconf 87' lang='lat' dir='ltr'><strong>solitudo,</strong></span> <span class='ocrx_word' id='word_1_106' title='bbox 2456 1467 2526 1517; x_wconf 82' lang='lat' dir='ltr'><strong>et</strong></span> 
     </span>
     <span class='ocr_line' id='line_1_14' title="bbox 135 1537 2526 1622; baseline -0.001 -16"><span class='ocrx_word' id='word_1_107' title='bbox 135 1541 532 1608; x_wconf 68' lang='lat' dir='ltr'><strong>diuturnitoe</strong></span> <span class='ocrx_word' id='word_1_108' title='bbox 605 1542 865 1622; x_wconf 81' lang='lat' dir='ltr'><strong>doloris,</strong></span> <span class='ocrx_word' id='word_1_109' title='bbox 931 1557 1003 1608; x_wconf 82' lang='lat' dir='ltr'><strong>et</strong></span> <span class='ocrx_word' id='word_1_110' title='bbox 1057 1544 1420 1608; x_wconf 81' lang='lat' dir='ltr'><strong>amicorum</strong></span> <span class='ocrx_word' id='word_1_111' title='bbox 1480 1541 1910 1619; x_wconf 74' lang='lat' dir='ltr'><strong>imbecillitas,</strong></span> <span class='ocrx_word' id='word_1_112' title='bbox 1982 1555 2052 1604; x_wconf 89' lang='lat' dir='ltr'><strong>et</strong></span> <span class='ocrx_word' id='word_1_113' title='bbox 2110 1537 2526 1604; x_wconf 81' lang='lat' dir='ltr'><strong>inimicorum</strong></span> 
     </span>
     <span class='ocr_line' id='line_1_15' title="bbox 133 1625 2521 1718; baseline -0.002 -25"><span class='ocrx_word' id='word_1_114' title='bbox 133 1627 462 1708; x_wconf 72' lang='lat' dir='ltr'><strong>hdibria3</strong></span> <span class='ocrx_word' id='word_1_115' title='bbox 509 1629 650 1694; x_wconf 77' lang='lat' dir='ltr'><strong>lraec</strong></span> <span class='ocrx_word' id='word_1_116' title='bbox 699 1631 921 1694; x_wconf 78' lang='lat' dir='ltr'><strong>omnia</strong></span> <span class='ocrx_word' id='word_1_117' title='bbox 961 1647 1114 1695; x_wconf 83' lang='lat' dir='ltr'><strong>cum</strong></span> <span class='ocrx_word' id='word_1_118' title='bbox 1161 1629 1418 1718; x_wconf 85' lang='lat' dir='ltr'><strong>singula</strong></span> <span class='ocrx_word' id='word_1_119' title='bbox 1453 1651 1573 1717; x_wconf 89' lang='lat' dir='ltr'><strong>per</strong></span> <span class='ocrx_word' id='word_1_120' title='bbox 1615 1651 1684 1693; x_wconf 91' lang='lat' dir='ltr'><strong>se</strong></span> <span class='ocrx_word' id='word_1_121' title='bbox 1733 1625 2125 1692; x_wconf 66' lang='lat' dir='ltr'><strong>miserabilia</strong></span> <span class='ocrx_word' id='word_1_122' title='bbox 2166 1639 2337 1702; x_wconf 81' lang='lat' dir='ltr'><strong>sunt,</strong></span> <span class='ocrx_word' id='word_1_123' title='bbox 2386 1642 2521 1689; x_wconf 91' lang='lat' dir='ltr'><strong>tum</strong></span> 
     </span>
     <span class='ocr_line' id='line_1_16' title="bbox 133 1711 2527 1802; baseline -0.002 -23"><span class='ocrx_word' id='word_1_124' title='bbox 133 1715 314 1780; x_wconf 67' lang='lat' dir='ltr'><strong>inter</strong></span> <span class='ocrx_word' id='word_1_125' title='bbox 383 1736 453 1779; x_wconf 87' lang='lat' dir='ltr'><strong>se</strong></span> <span class='ocrx_word' id='word_1_126' title='bbox 525 1715 879 1801; x_wconf 84' lang='lat' dir='ltr'><strong>conjuncta</strong></span> <span class='ocrx_word' id='word_1_127' title='bbox 945 1716 1218 1797; x_wconf 77' lang='lat' dir='ltr'><strong>faciunt,</strong></span> <span class='ocrx_word' id='word_1_128' title='bbox 1302 1729 1376 1780; x_wconf 85' lang='lat' dir='ltr'><strong>ut</strong></span> <span class='ocrx_word' id='word_1_129' title='bbox 1445 1729 1881 1802; x_wconf 78' lang='lat' dir='ltr'><strong>spectatorem</strong></span> <span class='ocrx_word' id='word_1_130' title='bbox 1937 1735 2022 1778; x_wconf 89' lang='lat' dir='ltr'><strong>eo</strong></span> <span class='ocrx_word' id='word_1_131' title='bbox 2081 1711 2527 1777; x_wconf 74' lang='lat' dir='ltr'><strong>vehementius</strong></span> 
     </span>
     <span class='ocr_line' id='line_1_17' title="bbox 134 1799 2525 1868; baseline -0.003 0"><span class='ocrx_word' id='word_1_132' title='bbox 134 1801 523 1868; x_wconf 63' lang='lat' dir='ltr'><strong>Promethei</strong></span> <span class='ocrx_word' id='word_1_133' title='bbox 600 1815 703 1866; x_wconf 88' lang='lat' dir='ltr'><strong>tot</strong></span> <span class='ocrx_word' id='word_1_134' title='bbox 771 1803 1247 1868; x_wconf 67' lang='lat' dir='ltr'><strong>calamitatibus</strong></span> <span class='ocrx_word' id='word_1_135' title='bbox 1323 1802 1542 1868; x_wconf 78' lang='lat' dir='ltr'><strong>obruti</strong></span> <span class='ocrx_word' id='word_1_136' title='bbox 1600 1803 1993 1866; x_wconf 75' lang='lat' dir='ltr'><strong>miserescat.</strong></span> <span class='ocrx_word' id='word_1_137' title='bbox 2139 1799 2245 1864; x_wconf 90' lang='lat' dir='ltr'><strong>Ne</strong></span> <span class='ocrx_word' id='word_1_138' title='bbox 2302 1813 2525 1864; x_wconf 70' lang='lat' dir='ltr'><strong>tamen</strong></span> 
     </span>
     <span class='ocr_line' id='line_1_18' title="bbox 133 1884 2528 1976; baseline 0 -26"><span class='ocrx_word' id='word_1_139' title='bbox 133 1887 312 1951; x_wconf 89' lang='lat' dir='ltr'><strong>ultra</strong></span> <span class='ocrx_word' id='word_1_140' title='bbox 360 1888 629 1954; x_wconf 89' lang='lat' dir='ltr'><strong>modum</strong></span> <span class='ocrx_word' id='word_1_141' title='bbox 676 1887 815 1973; x_wconf 87' lang='lat' dir='ltr'><strong>ejus</strong></span> <span class='ocrx_word' id='word_1_142' title='bbox 843 1888 1028 1953; x_wconf 89' lang='lat' dir='ltr'><strong>malis</strong></span> <span class='ocrx_word' id='word_1_143' title='bbox 1057 1889 1406 1976; x_wconf 81' lang='lat' dir='ltr'><strong>affligatur,</strong></span> <span class='ocrx_word' id='word_1_144' title='bbox 1445 1887 1773 1952; x_wconf 78' lang='lat' dir='ltr'><strong>excellens</strong></span> <span class='ocrx_word' id='word_1_145' title='bbox 1803 1885 2177 1952; x_wconf 70' lang='lat' dir='ltr'><strong>Promediei</strong></span> <span class='ocrx_word' id='word_1_146' title='bbox 2211 1884 2528 1950; x_wconf 83' lang='lat' dir='ltr'><strong>fortitudo</strong></span> 
     </span>
     <span class='ocr_line' id='line_1_19' title="bbox 129 1970 2529 2061; baseline -0 -24"><span class='ocrx_word' id='word_1_147' title='bbox 129 1973 476 2061; x_wconf 81' lang='lat' dir='ltr'><strong>prohibet,</strong></span> <span class='ocrx_word' id='word_1_148' title='bbox 540 1993 681 2060; x_wconf 75' lang='lat' dir='ltr'><strong>quae</strong></span> <span class='ocrx_word' id='word_1_149' title='bbox 741 1975 1254 2041; x_wconf 83' lang='lat' dir='ltr'><strong>misericordiam</strong></span> <span class='ocrx_word' id='word_1_150' title='bbox 1314 1995 1749 2042; x_wconf 77' lang='lat' dir='ltr'><strong>aerumnarum</strong></span> <span class='ocrx_word' id='word_1_151' title='bbox 1807 1971 2063 2037; x_wconf 79' lang='lat' dir='ltr'><strong>virtutis</strong></span> <span class='ocrx_word' id='word_1_152' title='bbox 2120 1971 2263 2056; x_wconf 83' lang='lat' dir='ltr'><strong>ejus</strong></span> <span class='ocrx_word' id='word_1_153' title='bbox 2320 1970 2529 2038; x_wconf 77' lang='lat' dir='ltr'><strong>admi-</strong></span> 
     </span>
     <span class='ocr_line' id='line_1_20' title="bbox 131 2057 2526 2148; baseline -0.001 -24"><span class='ocrx_word' id='word_1_154' title='bbox 131 2061 398 2124; x_wconf 76' lang='lat' dir='ltr'><strong>ratione</strong></span> <span class='ocrx_word' id='word_1_155' title='bbox 447 2074 804 2148; x_wconf 78' lang='lat' dir='ltr'><strong>temperat3</strong></span> <span class='ocrx_word' id='word_1_156' title='bbox 864 2075 941 2128; x_wconf 87' lang='lat' dir='ltr'><strong>ut</strong></span> <span class='ocrx_word' id='word_1_157' title='bbox 987 2062 1039 2125; x_wconf 85' lang='lat' dir='ltr'><strong>si</strong></span> <span class='ocrx_word' id='word_1_158' title='bbox 1079 2061 1271 2130; x_wconf 74' lang='lat' dir='ltr'><strong>nobis</strong></span> <span class='ocrx_word' id='word_1_159' title='bbox 1319 2061 1507 2147; x_wconf 77' lang='lat' dir='ltr'><strong>optio</strong></span> <span class='ocrx_word' id='word_1_160' title='bbox 1532 2061 1744 2137; x_wconf 83' lang='lat' dir='ltr'><strong>detur,</strong></span> <span class='ocrx_word' id='word_1_161' title='bbox 1795 2057 2167 2124; x_wconf 82' lang='lat' dir='ltr'><strong>Promethei</strong></span> <span class='ocrx_word' id='word_1_162' title='bbox 2199 2059 2526 2135; x_wconf 87' lang='lat' dir='ltr'><strong>virtutem,</strong></span> 
     </span>
     <span class='ocr_line' id='line_1_21' title="bbox 117 2144 2525 2297; baseline -0.001 -87"><span class='ocrx_word' id='word_1_163' title='bbox 117 2147 440 2297; x_wconf 52' lang='lat' dir='ltr'><strong>·2uamvis</strong></span> <span class='ocrx_word' id='word_1_164' title='bbox 483 2147 752 2212; x_wconf 79' lang='lat' dir='ltr'><strong>adversa</strong></span> <span class='ocrx_word' id='word_1_165' title='bbox 795 2147 1058 2213; x_wconf 83' lang='lat' dir='ltr'><strong>fortuna</strong></span> <span class='ocrx_word' id='word_1_166' title='bbox 1085 2169 1481 2235; x_wconf 81' lang='lat' dir='ltr'><strong>oppressam,</strong></span> <span class='ocrx_word' id='word_1_167' title='bbox 1527 2145 1842 2211; x_wconf 84' lang='lat' dir='ltr'><strong>Mercurii</strong></span> <span class='ocrx_word' id='word_1_168' title='bbox 1876 2145 2129 2232; x_wconf 79' lang='lat' dir='ltr'><strong>ignavae</strong></span> <span class='ocrx_word' id='word_1_169' title='bbox 2156 2157 2224 2208; x_wconf 87' lang='lat' dir='ltr'><strong>et</strong></span> <span class='ocrx_word' id='word_1_170' title='bbox 2253 2144 2525 2208; x_wconf 70' lang='lat' dir='ltr'><strong>sordidae</strong></span> 
     </span>
    </p>

    <p class='ocr_par' dir='ltr' id='par_1_3' title="bbox 129 2228 2527 2580">
     <span class='ocr_line' id='line_1_22' title="bbox 213 2228 2527 2320; baseline 0 -24"><span class='ocrx_word' id='word_1_171' title='bbox 213 2232 446 2300; x_wconf 65' lang='lat' dir='ltr'><strong>licinii</strong></span> <span class='ocrx_word' id='word_1_172' title='bbox 497 2232 776 2298; x_wconf 80' lang='lat' dir='ltr'><strong>multum</strong></span> <span class='ocrx_word' id='word_1_173' title='bbox 833 2234 1032 2299; x_wconf 87' lang='lat' dir='ltr'><strong>simus</strong></span> <span class='ocrx_word' id='word_1_174' title='bbox 1079 2234 1608 2320; x_wconf 77' lang='lat' dir='ltr'><strong>anteponendam</strong></span> <span class='ocrx_word' id='word_1_175' title='bbox 1658 2231 2111 2300; x_wconf 60' lang='lat' dir='ltr'><strong>existimaturi.</strong></span> <span class='ocrx_word' id='word_1_176' title='bbox 2225 2228 2527 2315; x_wconf 70' lang='lat' dir='ltr'><strong>Cumque</strong></span> 
     </span>
     <span class='ocr_line' id='line_1_23' title="bbox 133 2316 2527 2406; baseline -0.002 -22"><span class='ocrx_word' id='word_1_177' title='bbox 133 2320 272 2384; x_wconf 73' lang='lat' dir='ltr'><strong>aab</strong></span> <span class='ocrx_word' id='word_1_178' title='bbox 313 2319 500 2386; x_wconf 76' lang='lat' dir='ltr'><strong>Jovis</strong></span> <span class='ocrx_word' id='word_1_179' title='bbox 550 2320 817 2383; x_wconf 88' lang='lat' dir='ltr'><strong>nomine</strong></span> <span class='ocrx_word' id='word_1_180' title='bbox 869 2320 1125 2406; x_wconf 77' lang='lat' dir='ltr'><strong>tyranni</strong></span> <span class='ocrx_word' id='word_1_181' title='bbox 1176 2319 1517 2405; x_wconf 87' lang='lat' dir='ltr'><strong>cujusdam</strong></span> <span class='ocrx_word' id='word_1_182' title='bbox 1577 2319 1822 2386; x_wconf 87' lang='lat' dir='ltr'><strong>civium</strong></span> <span class='ocrx_word' id='word_1_183' title='bbox 1878 2317 2244 2382; x_wconf 71' lang='lat' dir='ltr'><strong>libertatem</strong></span> <span class='ocrx_word' id='word_1_184' title='bbox 2304 2316 2527 2403; x_wconf 86' lang='lat' dir='ltr'><strong>oppri-</strong></span> 
     </span>
     <span class='ocr_line' id='line_1_24' title="bbox 129 2402 2526 2506; baseline -0.001 -36"><span class='ocrx_word' id='word_1_185' title='bbox 129 2403 384 2470; x_wconf 74' lang='lat' dir='ltr'><strong>mentis</strong></span> <span class='ocrx_word' id='word_1_186' title='bbox 429 2405 720 2493; x_wconf 83' lang='lat' dir='ltr'><strong>effigiem</strong></span> <span class='ocrx_word' id='word_1_187' title='bbox 774 2406 1157 2480; x_wconf 81' lang='lat' dir='ltr'><strong>adumbrare</strong></span> <span class='ocrx_word' id='word_1_188' title='bbox 1201 2419 1400 2506; x_wconf 82' lang='lat' dir='ltr'><strong>poeta</strong></span> <span class='ocrx_word' id='word_1_189' title='bbox 1447 2404 1743 2484; x_wconf 77' lang='lat' dir='ltr'><strong>voluerit,</strong></span> <span class='ocrx_word' id='word_1_190' title='bbox 1786 2425 2099 2490; x_wconf 85' lang='lat' dir='ltr'><strong>magnum</strong></span> <span class='ocrx_word' id='word_1_191' title='bbox 2145 2402 2407 2488; x_wconf 84' lang='lat' dir='ltr'><strong>quidem</strong></span> <span class='ocrx_word' id='word_1_192' title='bbox 2456 2403 2526 2467; x_wconf 84' lang='lat' dir='ltr'><strong>in</strong></span> 
     </span>
     <span class='ocr_line' id='line_1_25' title="bbox 133 2488 2523 2580; baseline -0.002 -23"><span class='ocrx_word' id='word_1_193' title='bbox 133 2513 170 2557; x_wconf 77' lang='lat' dir='ltr'><strong>s</strong></span> <span class='ocrx_word' id='word_1_194' title='bbox 307 2505 582 2557; x_wconf 75' lang='lat' dir='ltr'><strong>tutorum</strong></span> <span class='ocrx_word' id='word_1_195' title='bbox 655 2491 890 2558; x_wconf 86' lang='lat' dir='ltr'><strong>animis</strong></span> <span class='ocrx_word' id='word_1_196' title='bbox 965 2492 1324 2580; x_wconf 77' lang='lat' dir='ltr'><strong>tyrannidis</strong></span> <span class='ocrx_word' id='word_1_197' title='bbox 1374 2508 1625 2558; x_wconf 86' lang='lat' dir='ltr'><strong>metum</strong></span> <span class='ocrx_word' id='word_1_198' title='bbox 1680 2490 2023 2568; x_wconf 76' lang='lat' dir='ltr'><strong>excitavit,</strong></span> <span class='ocrx_word' id='word_1_199' title='bbox 2080 2503 2161 2553; x_wconf 81' lang='lat' dir='ltr'><strong>ut</strong></span> <span class='ocrx_word' id='word_1_200' title='bbox 2217 2488 2523 2553; x_wconf 87' lang='lat' dir='ltr'><strong>nimirum</strong></span> 
     </span>
    </p>

    <p class='ocr_par' dir='ltr' id='par_1_4' title="bbox 133 2574 2530 3959">
     <span class='ocr_line' id='line_1_26' title="bbox 284 2574 2525 2667; baseline -0 -26"><span class='ocrx_word' id='word_1_201' title='bbox 284 2578 643 2644; x_wconf 69' lang='lat' dir='ltr'><strong>eniensium</strong></span> <span class='ocrx_word' id='word_1_202' title='bbox 721 2577 963 2664; x_wconf 89' lang='lat' dir='ltr'><strong>populo</strong></span> <span class='ocrx_word' id='word_1_203' title='bbox 1043 2601 1257 2667; x_wconf 83' lang='lat' dir='ltr'><strong>angue</strong></span> <span class='ocrx_word' id='word_1_204' title='bbox 1336 2600 1631 2666; x_wconf 76' lang='lat' dir='ltr'><strong>carieque</strong></span> <span class='ocrx_word' id='word_1_205' title='bbox 1710 2577 1893 2667; x_wconf 83' lang='lat' dir='ltr'><strong>pejus</strong></span> <span class='ocrx_word' id='word_1_206' title='bbox 1973 2574 2308 2641; x_wconf 77' lang='lat' dir='ltr'><strong>vitandam</strong></span> <span class='ocrx_word' id='word_1_207' title='bbox 2387 2596 2525 2641; x_wconf 80' lang='lat' dir='ltr'><strong>esso</strong></span> 
     </span>
     <span class='ocr_line' id='line_1_27' title="bbox 135 2663 2523 2753; baseline -0.001 -24"><span class='ocrx_word' id='word_1_208' title='bbox 135 2679 567 2750; x_wconf 79' lang='lat' dir='ltr'><strong>tyrannorum</strong></span> <span class='ocrx_word' id='word_1_209' title='bbox 647 2664 1105 2751; x_wconf 76' lang='lat' dir='ltr'><strong>impotentiam</strong></span> <span class='ocrx_word' id='word_1_210' title='bbox 1180 2667 1632 2753; x_wconf 78' lang='lat' dir='ltr'><strong>persuaderet3</strong></span> <span class='ocrx_word' id='word_1_211' title='bbox 1706 2664 1970 2730; x_wconf 84' lang='lat' dir='ltr'><strong>eosdem</strong></span> <span class='ocrx_word' id='word_1_212' title='bbox 2046 2677 2267 2730; x_wconf 75' lang='lat' dir='ltr'><strong>tamen</strong></span> <span class='ocrx_word' id='word_1_213' title='bbox 2318 2663 2523 2727; x_wconf 84' lang='lat' dir='ltr'><strong>etiam</strong></span> 
     </span>
     <span class='ocr_line' id='line_1_28' title="bbox 137 2749 2523 2838; baseline 0 -24"><span class='ocrx_word' id='word_1_214' title='bbox 137 2771 283 2815; x_wconf 86' lang='lat' dir='ltr'><strong>non</strong></span> <span class='ocrx_word' id='word_1_215' title='bbox 330 2751 523 2815; x_wconf 86' lang='lat' dir='ltr'><strong>nimis</strong></span> <span class='ocrx_word' id='word_1_216' title='bbox 570 2752 989 2816; x_wconf 86' lang='lat' dir='ltr'><strong>metuendum</strong></span> <span class='ocrx_word' id='word_1_217' title='bbox 1038 2775 1176 2818; x_wconf 85' lang='lat' dir='ltr'><strong>esse</strong></span> <span class='ocrx_word' id='word_1_218' title='bbox 1226 2768 1594 2838; x_wconf 87' lang='lat' dir='ltr'><strong>tyrannum,</strong></span> <span class='ocrx_word' id='word_1_219' title='bbox 1637 2750 1690 2815; x_wconf 89' lang='lat' dir='ltr'><strong>si</strong></span> <span class='ocrx_word' id='word_1_220' title='bbox 1739 2751 1846 2818; x_wconf 88' lang='lat' dir='ltr'><strong>cui</strong></span> <span class='ocrx_word' id='word_1_221' title='bbox 1879 2749 2142 2836; x_wconf 87' lang='lat' dir='ltr'><strong>quando</strong></span> <span class='ocrx_word' id='word_1_222' title='bbox 2172 2750 2523 2837; x_wconf 87' lang='lat' dir='ltr'><strong>contigerit</strong></span> 
     </span>
     <span class='ocr_line' id='line_1_29' title="bbox 137 2837 2521 2934; baseline -0.001 -32"><span class='ocrx_word' id='word_1_223' title='bbox 137 2857 354 2934; x_wconf 86' lang='lat' dir='ltr'><strong>remp.</strong></span> <span class='ocrx_word' id='word_1_224' title='bbox 407 2837 796 2923; x_wconf 85' lang='lat' dir='ltr'><strong>opprimere,</strong></span> <span class='ocrx_word' id='word_1_225' title='bbox 840 2838 974 2917; x_wconf 87' lang='lat' dir='ltr'><strong>sed,</strong></span> <span class='ocrx_word' id='word_1_226' title='bbox 1019 2853 1094 2904; x_wconf 89' lang='lat' dir='ltr'><strong>ut</strong></span> <span class='ocrx_word' id='word_1_227' title='bbox 1139 2839 1603 2904; x_wconf 86' lang='lat' dir='ltr'><strong>Prometheum</strong></span> <span class='ocrx_word' id='word_1_228' title='bbox 1651 2837 1804 2904; x_wconf 84' lang='lat' dir='ltr'><strong>Jovi</strong></span> <span class='ocrx_word' id='word_1_229' title='bbox 1852 2838 2144 2904; x_wconf 86' lang='lat' dir='ltr'><strong>resistere</strong></span> <span class='ocrx_word' id='word_1_230' title='bbox 2188 2837 2521 2913; x_wconf 87' lang='lat' dir='ltr'><strong>videbant,</strong></span> 
     </span>
     <span class='ocr_line' id='line_1_30' title="bbox 137 2921 2524 3025; baseline -0 -38"><span class='ocrx_word' id='word_1_231' title='bbox 137 2923 244 2988; x_wconf 78' lang='lat' dir='ltr'><strong>aie</strong></span> <span class='ocrx_word' id='word_1_232' title='bbox 297 2922 386 2986; x_wconf 75' lang='lat' dir='ltr'><strong>illi</strong></span> <span class='ocrx_word' id='word_1_233' title='bbox 433 2943 694 3009; x_wconf 88' lang='lat' dir='ltr'><strong>quoqne</strong></span> <span class='ocrx_word' id='word_1_234' title='bbox 741 2921 1190 2990; x_wconf 86' lang='lat' dir='ltr'><strong>fortitudinem</strong></span> <span class='ocrx_word' id='word_1_235' title='bbox 1237 2925 1440 2989; x_wconf 86' lang='lat' dir='ltr'><strong>animi</strong></span> <span class='ocrx_word' id='word_1_236' title='bbox 1490 2923 1973 3025; x_wconf 87' lang='lat' dir='ltr'><strong>opponendam,</strong></span> <span class='ocrx_word' id='word_1_237' title='bbox 2040 2944 2162 2989; x_wconf 89' lang='lat' dir='ltr'><strong>nec</strong></span> <span class='ocrx_word' id='word_1_238' title='bbox 2223 2944 2524 2988; x_wconf 84' lang='lat' dir='ltr'><strong>succum·</strong></span> 
     </span>
     <span class='ocr_line' id='line_1_31' title="bbox 133 3007 2525 3098; baseline 0 -25"><span class='ocrx_word' id='word_1_239' title='bbox 133 3007 436 3073; x_wconf 83' lang='lat' dir='ltr'><strong>bendum</strong></span> <span class='ocrx_word' id='word_1_240' title='bbox 479 3009 663 3074; x_wconf 88' lang='lat' dir='ltr'><strong>malis</strong></span> <span class='ocrx_word' id='word_1_241' title='bbox 703 3008 980 3089; x_wconf 87' lang='lat' dir='ltr'><strong>civibus,</strong></span> <span class='ocrx_word' id='word_1_242' title='bbox 1023 3012 1136 3075; x_wconf 87' lang='lat' dir='ltr'><strong>sed</strong></span> <span class='ocrx_word' id='word_1_243' title='bbox 1167 3012 1384 3098; x_wconf 88' lang='lat' dir='ltr'><strong>potius</strong></span> <span class='ocrx_word' id='word_1_244' title='bbox 1411 3010 1820 3076; x_wconf 88' lang='lat' dir='ltr'><strong>remtendum</strong></span> <span class='ocrx_word' id='word_1_245' title='bbox 1853 3027 1918 3074; x_wconf 88' lang='lat' dir='ltr'><strong>at</strong></span> <span class='ocrx_word' id='word_1_246' title='bbox 1968 3031 2049 3074; x_wconf 92' lang='lat' dir='ltr'><strong>ue</strong></span> <span class='ocrx_word' id='word_1_247' title='bbox 2077 3007 2525 3073; x_wconf 88' lang='lat' dir='ltr'><strong>obsistendum</strong></span> 
     </span>
     <span class='ocr_line' id='line_1_32' title="bbox 138 3033 2525 3183; baseline -0 -23"><span class='ocrx_word' id='word_1_248' title='bbox 138 3116 290 3160; x_wconf 73' lang='lat' dir='ltr'><strong>esse</strong></span> <span class='ocrx_word' id='word_1_249' title='bbox 335 3095 619 3161; x_wconf 89' lang='lat' dir='ltr'><strong>doceret.</strong></span> <span class='ocrx_word' id='word_1_250' title='bbox 712 3094 812 3160; x_wconf 85' lang='lat' dir='ltr'><strong>Ac</strong></span> <span class='ocrx_word' id='word_1_251' title='bbox 861 3096 985 3162; x_wconf 89' lang='lat' dir='ltr'><strong>nisi</strong></span> <span class='ocrx_word' id='word_1_252' title='bbox 1034 3098 1159 3161; x_wconf 87' lang='lat' dir='ltr'><strong>isto</strong></span> <span class='ocrx_word' id='word_1_253' title='bbox 1190 3097 1597 3183; x_wconf 87' lang='lat' dir='ltr'><strong>potissimum</strong></span> <span class='ocrx_word' id='word_1_254' title='bbox 1630 3094 1902 3161; x_wconf 87' lang='lat' dir='ltr'><strong>consilio</strong></span> <span class='ocrx_word' id='word_1_255' title='bbox 1920 3033 2102 3160; x_wconf 66' lang='lat' dir='ltr'><strong>&lt;lianc</strong></span> <span class='ocrx_word' id='word_1_256' title='bbox 2130 3094 2525 3182; x_wconf 82' lang='lat' dir='ltr'><strong>tragoediam</strong></span> 
     </span>
     <span class='ocr_line' id='line_1_33' title="bbox 137 3180 2522 3269; baseline 0 -23"><span class='ocrx_word' id='word_1_257' title='bbox 137 3180 507 3266; x_wconf 69' lang='lat' dir='ltr'><strong>scripsisset</strong></span> <span class='ocrx_word' id='word_1_258' title='bbox 551 3195 770 3269; x_wconf 90' lang='lat' dir='ltr'><strong>poeta,</strong></span> <span class='ocrx_word' id='word_1_259' title='bbox 812 3198 888 3245; x_wconf 90' lang='lat' dir='ltr'><strong>ut</strong></span> <span class='ocrx_word' id='word_1_260' title='bbox 932 3183 1207 3247; x_wconf 86' lang='lat' dir='ltr'><strong>invisum</strong></span> <span class='ocrx_word' id='word_1_261' title='bbox 1256 3183 1555 3249; x_wconf 81' lang='lat' dir='ltr'><strong>redderet</strong></span> <span class='ocrx_word' id='word_1_262' title='bbox 1583 3181 1801 3247; x_wconf 88' lang='lat' dir='ltr'><strong>liberis</strong></span> <span class='ocrx_word' id='word_1_263' title='bbox 1830 3181 2083 3247; x_wconf 88' lang='lat' dir='ltr'><strong>civibus</strong></span> <span class='ocrx_word' id='word_1_264' title='bbox 2114 3180 2522 3267; x_wconf 82' lang='lat' dir='ltr'><strong>tyrannicum</strong></span> 
     </span>
     <span class='ocr_line' id='line_1_34' title="bbox 137 3265 2520 3366; baseline -0 -34"><span class='ocrx_word' id='word_1_265' title='bbox 137 3268 522 3353; x_wconf 86' lang='lat' dir='ltr'><strong>imperinm,</strong></span> <span class='ocrx_word' id='word_1_266' title='bbox 562 3289 788 3354; x_wconf 86' lang='lat' dir='ltr'><strong>parum</strong></span> <span class='ocrx_word' id='word_1_267' title='bbox 821 3269 1095 3346; x_wconf 79' lang='lat' dir='ltr'><strong>abesset,</strong></span> <span class='ocrx_word' id='word_1_268' title='bbox 1143 3270 1302 3354; x_wconf 90' lang='lat' dir='ltr'><strong>quin</strong></span> <span class='ocrx_word' id='word_1_269' title='bbox 1333 3283 1543 3333; x_wconf 90' lang='lat' dir='ltr'><strong>totum</strong></span> <span class='ocrx_word' id='word_1_270' title='bbox 1578 3268 1732 3333; x_wconf 90' lang='lat' dir='ltr'><strong>illud</strong></span> <span class='ocrx_word' id='word_1_271' title='bbox 1764 3290 1916 3334; x_wconf 89' lang='lat' dir='ltr'><strong>cum</strong></span> <span class='ocrx_word' id='word_1_272' title='bbox 1937 3265 2099 3332; x_wconf 91' lang='lat' dir='ltr'><strong>Ione</strong></span> <span class='ocrx_word' id='word_1_273' title='bbox 2121 3266 2520 3366; x_wconf 77' lang='lat' dir='ltr'><strong>colloquium</strong></span> 
     </span>
     <span class='ocr_line' id='line_1_35' title="bbox 133 3353 2527 3441; baseline 0 -23"><span class='ocrx_word' id='word_1_274' title='bbox 133 3357 409 3418; x_wconf 63' lang='grc' dir='ltr'><strong>επιισόθιω</strong></span> <span class='ocrx_word' id='word_1_275' title='bbox 450 3355 640 3418; x_wconf 82' lang='lat' dir='ltr'><strong>inane</strong></span> <span class='ocrx_word' id='word_1_276' title='bbox 693 3366 761 3417; x_wconf 90' lang='lat' dir='ltr'><strong>et</strong></span> <span class='ocrx_word' id='word_1_277' title='bbox 808 3369 1039 3441; x_wconf 85' lang='lat' dir='ltr'><strong>praeter</strong></span> <span class='ocrx_word' id='word_1_278' title='bbox 1083 3376 1220 3420; x_wconf 88' lang='lat' dir='ltr'><strong>rem</strong></span> <span class='ocrx_word' id='word_1_279' title='bbox 1265 3355 1639 3420; x_wconf 85' lang='lat' dir='ltr'><strong>arcessitum</strong></span> <span class='ocrx_word' id='word_1_280' title='bbox 1668 3377 1807 3421; x_wconf 89' lang='lat' dir='ltr'><strong>esse</strong></span> <span class='ocrx_word' id='word_1_281' title='bbox 1836 3353 2180 3419; x_wconf 86' lang='lat' dir='ltr'><strong>videretur.</strong></span> <span class='ocrx_word' id='word_1_282' title='bbox 2271 3353 2340 3417; x_wconf 77' lang='lat'><strong>81</strong></span> <span class='ocrx_word' id='word_1_283' title='bbox 2371 3375 2527 3419; x_wconf 86' lang='lat' dir='ltr'><strong>vero</strong></span> 
     </span>
     <span class='ocr_line' id='line_1_36' title="bbox 145 3439 2529 3529; baseline -0 -22"><span class='ocrx_word' id='word_1_284' title='bbox 145 3439 243 3516; x_wconf 83' lang='lat' dir='ltr'><strong>id,</strong></span> <span class='ocrx_word' id='word_1_285' title='bbox 311 3440 487 3524; x_wconf 91' lang='lat' dir='ltr'><strong>quod</strong></span> <span class='ocrx_word' id='word_1_286' title='bbox 563 3439 878 3519; x_wconf 83' lang='lat' dir='ltr'><strong>volumus,</strong></span> <span class='ocrx_word' id='word_1_287' title='bbox 945 3441 1264 3529; x_wconf 81' lang='lat' dir='ltr'><strong>spectavit</strong></span> <span class='ocrx_word' id='word_1_288' title='bbox 1320 3442 1626 3529; x_wconf 86' lang='lat' dir='ltr'><strong>tragicus,</strong></span> <span class='ocrx_word' id='word_1_289' title='bbox 1692 3440 2170 3529; x_wconf 87' lang='lat' dir='ltr'><strong>appositissima</strong></span> <span class='ocrx_word' id='word_1_290' title='bbox 2226 3456 2326 3504; x_wconf 90' lang='lat' dir='ltr'><strong>est</strong></span> <span class='ocrx_word' id='word_1_291' title='bbox 2383 3462 2529 3526; x_wconf 88' lang='lat' dir='ltr'><strong>pars</strong></span> 
     </span>
     <span class='ocr_line' id='line_1_37' title="bbox 140 3525 2530 3595; baseline -0.001 -2"><span class='ocrx_word' id='word_1_292' title='bbox 140 3525 386 3593; x_wconf 76' lang='lat' dir='ltr'><strong>fabulae</strong></span> <span class='ocrx_word' id='word_1_293' title='bbox 447 3527 529 3592; x_wconf 90' lang='lat' dir='ltr'><strong>de</strong></span> <span class='ocrx_word' id='word_1_294' title='bbox 589 3525 698 3590; x_wconf 83' lang='lat' dir='ltr'><strong>Ius</strong></span> <span class='ocrx_word' id='word_1_295' title='bbox 754 3528 1074 3593; x_wconf 85' lang='lat' dir='ltr'><strong>erroribus</strong></span> <span class='ocrx_word' id='word_1_296' title='bbox 1131 3530 1219 3593; x_wconf 91' lang='lat' dir='ltr'><strong>ob</strong></span> <span class='ocrx_word' id='word_1_297' title='bbox 1278 3527 1574 3592; x_wconf 86' lang='lat' dir='ltr'><strong>insanum</strong></span> <span class='ocrx_word' id='word_1_298' title='bbox 1632 3526 1818 3595; x_wconf 87' lang='lat' dir='ltr'><strong>Jovis</strong></span> <span class='ocrx_word' id='word_1_299' title='bbox 1877 3548 2167 3592; x_wconf 88' lang='lat' dir='ltr'><strong>amorem</strong></span> <span class='ocrx_word' id='word_1_300' title='bbox 2225 3527 2308 3591; x_wconf 87' lang='lat' dir='ltr'><strong>ab</strong></span> <span class='ocrx_word' id='word_1_301' title='bbox 2367 3525 2530 3591; x_wconf 87' lang='lat' dir='ltr'><strong>irata</strong></span> 
     </span>
     <span class='ocr_line' id='line_1_38' title="bbox 139 3611 2527 3701; baseline 0 -24"><span class='ocrx_word' id='word_1_302' title='bbox 139 3611 292 3697; x_wconf 81' lang='lat' dir='ltr'><strong>ejus</strong></span> <span class='ocrx_word' id='word_1_303' title='bbox 364 3613 649 3699; x_wconf 84' lang='lat' dir='ltr'><strong>conjuge</strong></span> <span class='ocrx_word' id='word_1_304' title='bbox 706 3613 957 3679; x_wconf 81' lang='lat' dir='ltr'><strong>miserae</strong></span> <span class='ocrx_word' id='word_1_305' title='bbox 1017 3614 1252 3701; x_wconf 84' lang='lat' dir='ltr'><strong>virgini</strong></span> <span class='ocrx_word' id='word_1_306' title='bbox 1315 3614 1655 3701; x_wconf 74' lang='lat' dir='ltr'><strong>impositis·</strong></span> <span class='ocrx_word' id='word_1_307' title='bbox 1775 3612 1853 3678; x_wconf 90' lang='lat' dir='ltr'><strong>In</strong></span> <span class='ocrx_word' id='word_1_308' title='bbox 1911 3613 2292 3677; x_wconf 87' lang='lat' dir='ltr'><strong>memoriam</strong></span> <span class='ocrx_word' id='word_1_309' title='bbox 2350 3612 2527 3678; x_wconf 88' lang='lat' dir='ltr'><strong>enim</strong></span> 
     </span>
     <span class='ocr_line' id='line_1_39' title="bbox 141 3697 2528 3786; baseline -0.001 -22"><span class='ocrx_word' id='word_1_310' title='bbox 141 3699 296 3764; x_wconf 78' lang='lat' dir='ltr'><strong>haec</strong></span> <span class='ocrx_word' id='word_1_311' title='bbox 368 3700 761 3763; x_wconf 85' lang='lat' dir='ltr'><strong>revocabant</strong></span> <span class='ocrx_word' id='word_1_312' title='bbox 816 3698 1270 3785; x_wconf 88' lang='lat' dir='ltr'><strong>plerorumque</strong></span> <span class='ocrx_word' id='word_1_313' title='bbox 1328 3715 1746 3786; x_wconf 83' lang='lat' dir='ltr'><strong>tyrannorum</strong></span> <span class='ocrx_word' id='word_1_314' title='bbox 1807 3698 2147 3764; x_wconf 77' lang='lat' dir='ltr'><strong>effrenatas</strong></span> <span class='ocrx_word' id='word_1_315' title='bbox 2204 3697 2528 3777; x_wconf 83' lang='lat' dir='ltr'><strong>libidines,</strong></span> 
     </span>
     <span class='ocr_line' id='line_1_40' title="bbox 144 3784 2529 3874; baseline 0 -25"><span class='ocrx_word' id='word_1_316' title='bbox 144 3808 194 3849; x_wconf 81' lang='lat' dir='ltr'><strong>a</strong></span> <span class='ocrx_word' id='word_1_317' title='bbox 298 3784 485 3849; x_wconf 86' lang='lat' dir='ltr'><strong>uibus</strong></span> <span class='ocrx_word' id='word_1_318' title='bbox 544 3806 666 3849; x_wconf 91' lang='lat' dir='ltr'><strong>nec</strong></span> <span class='ocrx_word' id='word_1_319' title='bbox 725 3786 972 3851; x_wconf 84' lang='lat' dir='ltr'><strong>maritis</strong></span> <span class='ocrx_word' id='word_1_320' title='bbox 1031 3808 1286 3867; x_wconf 82' lang='lat' dir='ltr'><strong>uxores,</strong></span> <span class='ocrx_word' id='word_1_321' title='bbox 1357 3807 1482 3851; x_wconf 90' lang='lat' dir='ltr'><strong>nec</strong></span> <span class='ocrx_word' id='word_1_322' title='bbox 1544 3786 1915 3874; x_wconf 88' lang='lat' dir='ltr'><strong>parentibus</strong></span> <span class='ocrx_word' id='word_1_323' title='bbox 1974 3786 2139 3850; x_wconf 84' lang='lat' dir='ltr'><strong>filias</strong></span> <span class='ocrx_word' id='word_1_324' title='bbox 2195 3798 2401 3849; x_wconf 84' lang='lat' dir='ltr'><strong>castas</strong></span> <span class='ocrx_word' id='word_1_325' title='bbox 2460 3801 2529 3849; x_wconf 86' lang='lat' dir='ltr'><strong>et</strong></span> 
     </span>
     <span class='ocr_line' id='line_1_41' title="bbox 147 3869 942 3959; baseline 0.003 -25"><span class='ocrx_word' id='word_1_326' title='bbox 147 3894 240 3959; x_wconf 88' lang='lat' dir='ltr'><strong>pu</strong></span> <span class='ocrx_word' id='word_1_327' title='bbox 293 3871 445 3949; x_wconf 71' lang='lat' dir='ltr'><strong>ieaS,</strong></span> <span class='ocrx_word' id='word_1_328' title='bbox 483 3872 647 3935; x_wconf 86' lang='lat' dir='ltr'><strong>tueri</strong></span> <span class='ocrx_word' id='word_1_329' title='bbox 676 3869 942 3937; x_wconf 83' lang='lat' dir='ltr'><strong>licebat.</strong></span> 
     </span>
    </p>

    <p class='ocr_par' dir='ltr' id='par_1_5' title="bbox 141 3956 2532 4649">
     <span class='ocr_line' id='line_1_42' title="bbox 241 3956 2527 4044; baseline 0.001 -23"><span class='ocrx_word' id='word_1_330' title='bbox 241 3956 662 4042; x_wconf 88' lang='lat' dir='ltr'><strong>Reliquarum</strong></span> <span class='ocrx_word' id='word_1_331' title='bbox 745 3978 897 4022; x_wconf 85' lang='lat' dir='ltr'><strong>vero</strong></span> <span class='ocrx_word' id='word_1_332' title='bbox 977 3957 1261 4036; x_wconf 85' lang='lat' dir='ltr'><strong>laudum,</strong></span> <span class='ocrx_word' id='word_1_333' title='bbox 1336 3958 1573 4043; x_wconf 86' lang='lat' dir='ltr'><strong>quibus</strong></span> <span class='ocrx_word' id='word_1_334' title='bbox 1649 3958 1718 4021; x_wconf 87' lang='lat' dir='ltr'><strong>in</strong></span> <span class='ocrx_word' id='word_1_335' title='bbox 1791 3957 2115 4044; x_wconf 69' lang='lat' dir='ltr'><strong>tragoedia</strong></span> <span class='ocrx_word' id='word_1_336' title='bbox 2189 3971 2527 4043; x_wconf 85' lang='lat' dir='ltr'><strong>poetarum</strong></span> 
     </span>
     <span class='ocr_line' id='line_1_43' title="bbox 151 4042 2522 4142; baseline 0 -34"><span class='ocrx_word' id='word_1_337' title='bbox 151 4042 258 4108; x_wconf 82' lang='lat' dir='ltr'><strong>vel</strong></span> <span class='ocrx_word' id='word_1_338' title='bbox 315 4044 652 4142; x_wconf 78' lang='lat' dir='ltr'><strong>ingenium</strong></span> <span class='ocrx_word' id='word_1_339' title='bbox 700 4042 798 4110; x_wconf 87' lang='lat' dir='ltr'><strong>vel</strong></span> <span class='ocrx_word' id='word_1_340' title='bbox 855 4044 1204 4110; x_wconf 88' lang='lat' dir='ltr'><strong>artificium</strong></span> <span class='ocrx_word' id='word_1_341' title='bbox 1262 4058 1612 4131; x_wconf 86' lang='lat' dir='ltr'><strong>spectatur,</strong></span> <span class='ocrx_word' id='word_1_342' title='bbox 1677 4043 1830 4109; x_wconf 89' lang='lat' dir='ltr'><strong>huic</strong></span> <span class='ocrx_word' id='word_1_343' title='bbox 1880 4042 2252 4108; x_wconf 86' lang='lat' dir='ltr'><strong>Promethei</strong></span> <span class='ocrx_word' id='word_1_344' title='bbox 2302 4042 2522 4109; x_wconf 88' lang='lat' dir='ltr'><strong>Vincti</strong></span> 
     </span>
     <span class='ocr_line' id='line_1_44' title="bbox 145 4128 2524 4214; baseline -0.001 -19"><span class='ocrx_word' id='word_1_345' title='bbox 145 4130 429 4195; x_wconf 76' lang='lat' dir='ltr'><strong>dramati</strong></span> <span class='ocrx_word' id='word_1_346' title='bbox 488 4129 729 4196; x_wconf 88' lang='lat' dir='ltr'><strong>nullam</strong></span> <span class='ocrx_word' id='word_1_347' title='bbox 773 4129 1078 4214; x_wconf 88' lang='lat' dir='ltr'><strong>equidem</strong></span> <span class='ocrx_word' id='word_1_348' title='bbox 1118 4131 1339 4195; x_wconf 88' lang='lat' dir='ltr'><strong>deesse</strong></span> <span class='ocrx_word' id='word_1_349' title='bbox 1382 4152 1640 4196; x_wconf 86' lang='lat' dir='ltr'><strong>censeo.</strong></span> <span class='ocrx_word' id='word_1_350' title='bbox 1762 4128 1932 4194; x_wconf 89' lang='lat' dir='ltr'><strong>Nam</strong></span> <span class='ocrx_word' id='word_1_351' title='bbox 1986 4130 2119 4194; x_wconf 86' lang='lat' dir='ltr'><strong>sive</strong></span> <span class='ocrx_word' id='word_1_352' title='bbox 2167 4130 2524 4195; x_wconf 88' lang='lat' dir='ltr'><strong>verisimili-</strong></span> 
     </span>
     <span class='ocr_line' id='line_1_45' title="bbox 148 4215 2523 4304; baseline 0 -23"><span class='ocrx_word' id='word_1_353' title='bbox 148 4215 446 4281; x_wconf 86' lang='lat' dir='ltr'><strong>tudinem</strong></span> <span class='ocrx_word' id='word_1_354' title='bbox 523 4231 799 4304; x_wconf 86' lang='lat' dir='ltr'><strong>spectes,</strong></span> <span class='ocrx_word' id='word_1_355' title='bbox 870 4216 1094 4280; x_wconf 86' lang='lat' dir='ltr'><strong>omnia</strong></span> <span class='ocrx_word' id='word_1_356' title='bbox 1167 4215 1270 4280; x_wconf 86' lang='lat' dir='ltr'><strong>vel</strong></span> <span class='ocrx_word' id='word_1_357' title='bbox 1349 4216 1433 4281; x_wconf 89' lang='lat' dir='ltr'><strong>ad</strong></span> <span class='ocrx_word' id='word_1_358' title='bbox 1505 4216 1785 4282; x_wconf 86' lang='lat' dir='ltr'><strong>historiae</strong></span> <span class='ocrx_word' id='word_1_359' title='bbox 1848 4216 2206 4293; x_wconf 81' lang='lat' dir='ltr'><strong>veritatem,</strong></span> <span class='ocrx_word' id='word_1_360' title='bbox 2280 4215 2383 4280; x_wconf 84' lang='lat' dir='ltr'><strong>vel</strong></span> <span class='ocrx_word' id='word_1_361' title='bbox 2439 4216 2523 4282; x_wconf 87' lang='lat' dir='ltr'><strong>ad</strong></span> 
     </span>
     <span class='ocr_line' id='line_1_46' title="bbox 141 4301 2526 4388; baseline -0.001 -18"><span class='ocrx_word' id='word_1_362' title='bbox 141 4302 510 4370; x_wconf 79' lang='lat' dir='ltr'><strong>fabularum</strong></span> <span class='ocrx_word' id='word_1_363' title='bbox 591 4301 783 4388; x_wconf 82' lang='lat' dir='ltr'><strong>vulgo</strong></span> <span class='ocrx_word' id='word_1_364' title='bbox 870 4302 1261 4368; x_wconf 85' lang='lat' dir='ltr'><strong>creditarum</strong></span> <span class='ocrx_word' id='word_1_365' title='bbox 1342 4304 1818 4379; x_wconf 88' lang='lat' dir='ltr'><strong>auctoritatem,</strong></span> <span class='ocrx_word' id='word_1_366' title='bbox 1913 4301 2008 4366; x_wconf 76' lang='lat' dir='ltr'><strong>vel</strong></span> <span class='ocrx_word' id='word_1_367' title='bbox 2086 4301 2367 4388; x_wconf 88' lang='lat' dir='ltr'><strong>denique</strong></span> <span class='ocrx_word' id='word_1_368' title='bbox 2439 4304 2526 4368; x_wconf 86' lang='lat' dir='ltr'><strong>ad</strong></span> 
     </span>
     <span class='ocr_line' id='line_1_47' title="bbox 141 4387 2526 4478; baseline 0 -26"><span class='ocrx_word' id='word_1_369' title='bbox 141 4387 376 4478; x_wconf 87' lang='lat' dir='ltr'><strong>populi</strong></span> <span class='ocrx_word' id='word_1_370' title='bbox 453 4387 855 4475; x_wconf 88' lang='lat' dir='ltr'><strong>opinionem,</strong></span> <span class='ocrx_word' id='word_1_371' title='bbox 929 4389 1023 4453; x_wconf 84' lang='lat' dir='ltr'><strong>sic</strong></span> <span class='ocrx_word' id='word_1_372' title='bbox 1095 4389 1595 4454; x_wconf 83' lang='lat' dir='ltr'><strong>accommodata</strong></span> <span class='ocrx_word' id='word_1_373' title='bbox 1668 4404 1837 4468; x_wconf 80' lang='lat' dir='ltr'><strong>sunt,</strong></span> <span class='ocrx_word' id='word_1_374' title='bbox 1907 4404 1977 4452; x_wconf 89' lang='lat' dir='ltr'><strong>ut</strong></span> <span class='ocrx_word' id='word_1_375' title='bbox 2033 4387 2197 4452; x_wconf 83' lang='lat' dir='ltr'><strong>nihil</strong></span> <span class='ocrx_word' id='word_1_376' title='bbox 2250 4387 2526 4475; x_wconf 82' lang='lat' dir='ltr'><strong>amplius</strong></span> 
     </span>
     <span class='ocr_line' id='line_1_48' title="bbox 141 4469 2523 4562; baseline -0.001 -22"><span class='ocrx_word' id='word_1_377' title='bbox 141 4474 390 4560; x_wconf 78' lang='lat' dir='ltr'><strong>requiri</strong></span> <span class='ocrx_word' id='word_1_378' title='bbox 419 4475 655 4562; x_wconf 82' lang='lat' dir='ltr'><strong>possit;</strong></span> <span class='ocrx_word' id='word_1_379' title='bbox 690 4469 825 4542; x_wconf 85' lang='lat' dir='ltr'><strong>sive</strong></span> <span class='ocrx_word' id='word_1_380' title='bbox 854 4475 1243 4562; x_wconf 70' lang='lat' dir='ltr'><strong>dignitatem</strong></span> <span class='ocrx_word' id='word_1_381' title='bbox 1266 4475 1541 4544; x_wconf 79' lang='lat' dir='ltr'><strong>scenicae</strong></span> <span class='ocrx_word' id='word_1_382' title='bbox 1565 4475 1823 4554; x_wconf 65' lang='lat' dir='ltr'><strong>fabulae,</strong></span> <span class='ocrx_word' id='word_1_383' title='bbox 1857 4475 2209 4562; x_wconf 82' lang='lat' dir='ltr'><strong>praesertim</strong></span> <span class='ocrx_word' id='word_1_384' title='bbox 2237 4473 2523 4562; x_wconf 78' lang='lat' dir='ltr'><strong>tragicae,</strong></span> 
     </span>
     <span class='ocr_line' id='line_1_49' title="bbox 143 4560 2532 4649; baseline -0.002 -21"><span class='ocrx_word' id='word_1_385' title='bbox 143 4561 427 4649; x_wconf 78' lang='lat' dir='ltr'><strong>cogites,</strong></span> <span class='ocrx_word' id='word_1_386' title='bbox 490 4560 728 4648; x_wconf 75' lang='lat' dir='ltr'><strong>passim</strong></span> <span class='ocrx_word' id='word_1_387' title='bbox 804 4583 846 4627; x_wconf 81' lang='lat' dir='ltr'><strong>a</strong></span> <span class='ocrx_word' id='word_1_388' title='bbox 918 4562 1108 4628; x_wconf 86' lang='lat' dir='ltr'><strong>nobis</strong></span> <span class='ocrx_word' id='word_1_389' title='bbox 1180 4562 1252 4628; x_wconf 89' lang='lat' dir='ltr'><strong>in</strong></span> <span class='ocrx_word' id='word_1_390' title='bbox 1324 4562 1798 4630; x_wconf 82' lang='lat' dir='ltr'><strong>commentario</strong></span> <span class='ocrx_word' id='word_1_391' title='bbox 1856 4563 2265 4627; x_wconf 79' lang='lat' dir='ltr'><strong>observatum</strong></span> <span class='ocrx_word' id='word_1_392' title='bbox 2325 4582 2532 4647; x_wconf 84' lang='lat' dir='ltr'><strong>quam.</strong></span> 
     </span>
    </p>
   </div>
  </div>
 </body>
</html>
