2909 4884
383 347 505 415 ¹34

374 1113 573 1160 CHOB..

914 322 1592 391 PROMETH.
1686 323 2298 396 VINCTUS.

722 479 901 546 Nam
929 478 1096 545 viam
1122 479 1278 546 aeris
1298 479 1574 567 amplam
1599 479 1844 568 attingit
1866 482 2093 569 pennis

722 580 1168 665 Quadricruris
1198 579 1347 655 aleS‚
1382 592 1445 644 et
1469 581 1601 667 jam
1634 580 1841 645 libens

718 678 798 745 In
823 679 1080 746 stabulis
1103 680 1367 769 propriis
1389 680 1794 746 inclinaverit
1816 703 2046 769 genua.

1095 831 1154 898 E
1241 834 1297 898 P
1379 833 1443 897 O
1539 833 1606 899 D
1692 833 1726 898 I
1811 833 1866 898 C
1955 834 2045 900 A.

1213 959 1932 1028 STROPHE.

720 1090 1010 1178 Deploro
1055 1089 1171 1153 tib‘i
1217 1089 1534 1154 exitialem

713 1189 1084 1264 Fortunam,
1136 1188 1542 1266 Prometheu‚

716 1290 803 1355 Et
846 1289 1191 1375 lachrymas
1234 1289 1572 1354 stillantem
1616 1288 1696 1352 ab
1742 1289 1942 1353 oeulis

716 1389 984 1455 Teneris
1030 1389 1232 1454 libans
1277 1389 1549 1463 fluxum,
1597 1410 1787 1476 genas

716 1488 1020 1553 Humidis
1064 1488 1343 1552 sontibus
1388 1489 1562 1551 tinxi.

715 1589 889 1654 Nam
931 1585 1243 1674 stupenda
1287 1586 1423 1650 haec
1467 1586 1717 1674 Jupiter

714 1689 990 1775 Propriis
1036 1687 1286 1776 legibus
1330 1687 1791 1762 administrans,

711 1787 1101 1852 Insolentem
1144 1799 1415 1853 ostentat
1451 1788 1879 1853 decessoribus

721 1888 860 1953 Diis
899 1888 1266 1974 potentiam.

991 2040 2196 2146 ANTISTROPHR‘

712 2170 880 2237 Tota
917 2194 1066 2236 vero
1106 2171 1450 2236 etiamnum
1495 2171 1853 2262 lugubriter

673 2301 679 2310 ·
713 2270 920 2360 Regio
964 2272 1268 2349 insonuit,

710 2370 1258 2459 Magnificamque
1305 2383 1368 2436 et

711 2469 1069 2554 Antiquam
1115 2469 1307 2534 deflet
1348 2482 1522 2534 tuam

715 2569 1133 2655 Fratrumque
1177 2569 1568 2658 dignitatem,
1647 2571 1658 2580 ⁰

711 2669 799 2735 Et
837 2683 1151 2758 quotquot
1191 2671 1488 2755 inquilini
1533 2693 1717 2735 sacrae

710 2771 884 2834 Asia».
925 2770 1128 2835 solum
1173 2770 1482 2846 incolunt,

711 2867 1356 2957 Graviter-gemendis
1400 2868 1577 2932 malis
1624 2869 1751 2932 tuis

713 2970 1205 3058 Compatiuntur
1246 2968 1581 3034 mortales:

1200 3121 1944 3192 TROCHAEI.

715 3262 802 3328 Et
829 3275 1008 3327 terrae
1041 3257 1380 3324 Colchidos
1410 3255 1635 3321 incolae

709 3364 1031 3451 Virgines,
1074 3361 1142 3426 in
1174 3359 1404 3449 pugnis
1430 3353 1783 3440 intrepidae,

711 3463 798 3528 Et
819 3462 1002 3550 plebs
1036 3461 1333 3546 Scythiae,

708 3562 843 3645 Qui
864 3570 1217 3625 extremum
1241 3572 1416 3621 terrae
1450 3556 1721 3618 tractum
1755 3553 1927 3617 circa·

709 3659 1090 3727 Maeotidem
1122 3656 1421 3745 paludem
1452 3665 1800 3740 occupant:

711 3759 798 3825 Et
828 3757 1090 3824 Arabiae
1120 3780 1274 3845 gens
1306 3754 1624 3829 mavortia,

710 3859 967 3946 Quique
999 3856 1228 3920 editam
1258 3854 1578 3918 civitatem

706 3959 912 4046 Prope
942 3956 1291 4022 Caucasum
1320 3951 1626 4026 incolunt,

1264 4102 1871 4173 EPODUS.

706 4241 1041 4308 Exercitus
1072 4260 1347 4327 pugnax,

707 4340 1237 4410 Acuminatarum
1268 4333 1606 4420 cuspidum
1623 4337 1665 4396 ⁶.

787 4531 810 4563 ⁶
849 4529 980 4591 MS.
1062 4521 1514 4584 Acumiuatarum
1542 4510 1833 4593 euspicium
1864 4508 2032 4571 hastis
2059 4507 2316 4570 fremens.

2660 602 2782 667 395

2649 1905 2765 1971 405
