2909 4884
456 360 580 418 108
744 354 793 381 ·“
964 340 1095 419 IN
1166 348 1762 419 PROMETH.
1839 348 2230 419 VINCT.

436 505 745 570 informat
782 514 1012 583 ye4i5.
1059 508 1171 572 ubi
1225 508 1421 571 vicini
1471 506 1874 571 Prometheis
1899 528 2014 572 sco
2067 507 2185 573 ulis
2213 506 2514 572 dicuntur
2553 504 2817 585 Colchi,

442 608 510 656 et
564 594 820 678 Scythae
879 595 1055 657 circa
1117 592 1422 658 Paludem
1481 593 1886 658 Maeotidem.
1974 528 2316 679 Issschylus
2363 595 2580 681 itaque
2617 594 2815 657 finxit

438 679 897 743 Prometheum
958 681 1038 744 ad
1090 700 1313 766 rupem
1369 680 1692 765 quandam
1740 681 1806 743 in
1857 680 2122 744 desertis
2182 680 2468 767 Scythiae
2523 681 2815 768 partibus

436 764 704 829 affixum
760 765 972 842 fuisse,
1020 767 1110 829 ita
1140 766 1397 850 quidem
1442 781 1516 829 ut
1555 765 1721 830 facie
1753 786 1966 829 versus
2012 767 2420 830 occidentem
2467 766 2810 831 hibernum

434 872 779 915 conversus
806 868 992 931 esset,
1022 865 1090 915 et
1123 853 1400 917 Pontum
1438 851 1763 915 Euxinum
1797 852 1863 915 in
1897 867 2237 950 prospectu
2269 851 2558 917 haberet.
2641 852 2814 915 Nam

434 957 583 999 eum
616 937 788 1001 haud
867 937 1045 1002 rocul
1084 960 1123 1001 a
1168 939 1323 1001 mari
1357 936 1688 1024 alligatum
1735 937 1928 1001 fuisse
1967 939 2206 1002 exinde
2237 953 2436 1024 patet,
2482 938 2663 1024 quod
2691 940 2815 1000 sub

436 1021 632 1087 finem
681 960 934 1100 fabulae,
966 1025 983 1087 i
1035 1044 1101 1087 se
1131 1024 1223 1087 ait
1252 1046 1318 1088 se
1350 1024 1567 1088 videre
1595 1022 1839 1088 coelum
1870 1038 2073 1110 ponto
2101 1025 2380 1103 misceri,
2409 1027 2818 1107 ξυηηάςαιω

433 1110 582 1207 «εὐθὺςἱ
604 1115 791 1194 αόνῳ,
836 1047 1031 1209 quod)
1052 1110 1171 1174 nisi
1217 1131 1254 1173 e
1300 1109 1471 1187 loco,
1514 1110 1624 1174 ubi
1661 1110 1894 1173 affixus
1934 1123 2091 1188 erat,
2134 1111 2201 1173 in
2232 1131 2409 1175 mare
2441 1111 2818 1196 prospicere

432 1191 738 1273 licuisset,
782 1209 1005 1279 utique
1053 1197 1269 1260 dicere
1314 1216 1446 1261 non
1495 1196 1828 1282 potuisset.
1923 1194 1990 1259 Si
2044 1216 2193 1259 vero
2236 1196 2375 1261 aliis
2420 1197 2636 1283 magis
2683 1197 2820 1282 pla·

433 1296 582 1344 ceat
624 1303 884 1346 scenam
919 1280 1286 1345 Promethei
1322 1280 1542 1345 Vincti
1576 1303 1789 1346 versus
1830 1280 2166 1346 Oceanum
2198 1304 2396 1368 quem
2424 1281 2818 1367 Scythicum

434 1382 680 1431 veteres
724 1366 1154 1454 appellabant,
1201 1389 1278 1431 ac
1308 1366 1576 1433 fortasse
1621 1367 1685 1431 in
1740 1367 2194 1432 Promontorio
2243 1368 2585 1454 Scythico,
2633 1369 2818 1453 cujus

432 1450 544 1516 hic
577 1453 666 1517 ibi
694 1455 1087 1517 mentionem
1119 1453 1387 1531 faciunt,
1408 1452 1614 1533 (conf.
1647 1448 1813 1518 Plin.
1846 1453 2001 1517 Nat.
2027 1452 2199 1519 Hist.
2227 1453 2343 1519 Vl.
2375 1458 2516 1535 20.)
2551 1476 2816 1541 ponere,

431 1539 824 1625 pertinacius
868 1562 972 1603 me
1016 1554 1483 1626 repugnantem
1531 1560 1664 1605 tion
1706 1537 2057 1605 habebunt.
2149 1538 2303 1605 Hoc
2348 1562 2500 1604 vero
2535 1540 2817 1604 certissi-

428 1645 608 1688 mum
641 1626 937 1704 arbitror,
982 1624 1202 1689 falsam
1249 1646 1386 1690 esse
1432 1647 1655 1690 eorum
1704 1626 2101 1713 opinionem,
2147 1626 2258 1711 qui
2307 1640 2545 1713 putant
2588 1628 2664 1690 in
2697 1627 2815 1691 hac

426 1708 666 1787 fabula,
726 1733 810 1776 ex
869 1726 1087 1776 mente
1145 1726 1351 1798 poetae
1406 1709 1864 1776 Prometheum
1917 1712 2001 1776 ad
2053 1710 2414 1778 Caucasum
2471 1710 2812 1800 alligatum

429 1793 646 1872 fuisse,
696 1812 762 1861 et
811 1798 875 1861 in
931 1798 1058 1861 hoc
1088 1810 1310 1861 monte
1342 1819 1558 1861 veram
1589 1797 1892 1862 dramatis
1916 1818 2173 1862 scenam
2205 1819 2341 1862 esse
2369 1798 2816 1883 quaerendam.

428 1879 724 1947 Positum
778 1883 976 1971 igitur
1004 1883 1087 1947 sit
1114 1881 1303 1948 nobis
1333 1880 1460 1948 hoc
1504 1882 1841 1970 imprimis,
1885 1902 2142 1948 scenam
2175 1883 2555 1949 Promethei
2588 1883 2814 1949 Vincti

426 1967 495 2035 in
529 1966 818 2055 Scythia,
845 1969 1211 2037 Promethei
1236 1982 1451 2033 autem
1477 1968 1683 2033 Soluti
1709 1970 1777 2033 in
1801 1967 2093 2034 Caucaso
2113 1968 2328 2034 fuisse.
2397 1969 2572 2034 Haec
2591 1986 2812 2037 autem

425 2052 626 2118 altera
656 2054 1024 2119 Promethei
1060 2054 1315 2120 vincula
1343 2056 1782 2142 posteritatem
1817 2056 2023 2143 magis
2054 2055 2406 2120 celebrasse
2435 2056 2812 2121 mirandum

425 2159 558 2204 non
617 2155 736 2219 est,
780 2155 1122 2229 propterea
1170 2141 1346 2240 quod
1407 2140 1710 2206 Herculis
1765 2141 2074 2221 facinore,
2119 2143 2230 2227 qui
2278 2164 2362 2206 ex
2407 2143 2484 2207 iis
2544 2143 2817 2208 Prome·

425 2224 649 2291 theum
681 2227 1015 2306 liberabat,
1059 2227 1327 2291 clariora
1366 2241 1561 2313 atque
1593 2227 1933 2292 illustriora
1959 2228 2223 2293 fiebant.
2314 2229 2654 2294 Scins-rz.

432 2326 439 2333 “
516 2310 620 2378 De
677 2312 825 2378 loco
878 2314 988 2378 ubi
1040 2312 1464 2378 Prometheus
1511 2313 1619 2377 reli
1672 2327 1813 2378 atus
1856 2328 1955 2378 est
2003 2313 2189 2401 plene
2238 2314 2495 2378 disserit
2555 2314 2814 2379 illustris

425 2395 763 2464 Stanleius.
852 2399 1065 2464 Scena
1113 2399 1313 2497 igitur
1360 2399 1427 2462 in
1479 2400 1638 2485 Scyt
1687 2398 1748 2463 ia
1804 2398 2138 2486 Europaea,
2177 2401 2447 2465 minime
2503 2423 2689 2481 vero,
2743 2418 2812 2466 ut

423 2484 734 2550 Schutzio
809 2485 1082 2561 videtur,
1146 2498 1344 2569 Juxta
1422 2484 1729 2549 Paludem
1798 2485 2202 2551 Maeotidem.
2310 2485 2569 2551 Chorus
2634 2489 2810 2552 enim

422 2569 696 2655 Scythas
726 2570 900 2636 circa
924 2570 1219 2658 paludem
1264 2570 1432 2635 illam
1484 2592 1634 2637 cum
1684 2570 2240 2636 Caucasi'accolis
2269 2572 2645 2659 conjungit,
2697 2574 2811 2638 hos

420 2671 637 2721 autem
682 2679 722 2721 a
767 2657 915 2722 loco
964 2656 1363 2722 Prometheae
1406 2656 1803 2744 religationis
1850 2680 2040 2743 quam
2094 2657 2469 2757 longissime
2515 2658 2809 2747 ablegat.

314 2754 323 2760 ’
421 2741 599 2814 Quin
632 2756 697 2806 et
731 2743 1173 2822 Prometheus,
1204 2754 1261 2818 γ.
1286 2744 1432 2814 706.
1482 2740 1579 2807 Ioi
1614 2766 1947 2830 exponens
1979 2757 2568 2832 peregrinationem
2603 2767 2810 2824 snam,

417 2828 698 2914 primum
743 2851 887 2893 eam
921 2829 1135 2913 jubet,
1180 2852 1219 2894 a
1264 2828 1412 2893 loco
1459 2829 1571 2892 ubi
1629 2829 1763 2916 ipse
1803 2830 2055 2893 vinctus
2101 2846 2222 2908 est,
2270 2829 2351 2894 ad
2394 2845 2616 2896 ortum
2655 2855 2812 2897 con-

414 2935 661 2978 versam
716 2915 990 3000 Scythas
1044 2915 1374 2979 Nomadas
1412 2914 1744 2993 accedere,
1788 2915 1887 2980 his
1917 2931 2130 2979 autem
2165 2916 2418 2980 evitatis
2455 2931 2532 2981 et
2562 2917 2810 3005 Chaly-

411 2999 622 3077 bibus,
712 3001 774 3064 ui
806 3002 886 3065 ad
921 3001 1235 3066 sinistram
1271 3001 1672 3080 habitabant,
1701 3001 1785 3065 ad
1815 3001 2096 3066 Araxem
2131 3002 2252 3066 iter
2280 3002 2573 3081 tendere,
2607 3026 2804 3089 quem

413 3099 628 3151 tamen
707 3109 870 3152 onec
901 3089 983 3152 ad
1014 3087 1401 3166 Caucasum,
1432 3111 1474 3150 a
1513 3109 1644 3174 quo
1675 3086 1958 3152 defertur
1989 3088 2107 3152 iste
2139 3088 2392 3164 fluvius,
2439 3091 2804 3187 perveniat,

412 3173 680 3237 transire
731 3187 924 3237 vetat.
1018 3172 1256 3241 Monte
1303 3187 1522 3237 autem
1571 3186 1941 3238 transcenso
1971 3196 2187 3239 versus
2231 3173 2569 3239 meridiem
2608 3175 2805 3260 jubet

409 3257 585 3323 illam
617 3260 1029 3337 contendere,
1081 3259 1163 3324 ad
1194 3258 1580 3335 Amazonas,
1629 3260 1914 3324 nondum
1961 3260 2243 3344 antiquis
2273 3258 2535 3325 sedibus
2565 3278 2802 3340 motas,

414 3365 454 3407 a
484 3345 716 3430 quibus
753 3344 833 3409 ad
893 3344 1135 3409 Lacum
1181 3345 1565 3409 Maeotidem
1619 3345 1994 3409 deducatur.
2087 3345 2430 3410 Intervalla
2473 3365 2632 3412 sunt
2669 3349 2802 3414 haec

411 3428 694 3495 humane
731 3432 1099 3495 commoda.
1189 3431 1344 3496 Erat
1388 3432 1589 3518 igitur
1639 3431 1817 3496 locus
1847 3431 2070 3518 procul
2111 3432 2335 3510 dubio,
2377 3432 2492 3495 ubi
2532 3432 2801 3500 Prome·

409 3515 597 3581 theus
642 3516 896 3581 vinctus
935 3533 1052 3595 est,
1100 3540 1139 3580 a
1187 3517 1431 3582 Palude
1483 3517 1798 3582 Maeotico
1845 3518 2345 3604 septentrionem
2385 3532 2454 3582 et
2487 3541 2797 3585 occasum

410 3623 646 3668 versus.
736 3602 837 3667 Ad
890 3625 1062 3682 eum,
1125 3602 1359 3668 Haemo
1417 3618 1641 3668 monte
1698 3618 2088 3683 transcenso,
2145 3602 2576 3691 Apollod.II.
2624 3617 2683 3670 l.
2727 3606 2798 3670 lo

411 3688 724 3775 pervenit.
816 3687 1153 3754 Oceanum
1176 3705 1388 3754 autem
1427 3690 1492 3753 in
1523 3704 1879 3776 conspectu
1909 3689 2156 3768 habuit,
2186 3690 2360 3776 quod
2392 3712 2476 3755 ex
2509 3703 2576 3766 y·
2619 3701 2796 3764 1087.

407 3788 478 3839 et
494 3797 575 3838 ex
599 3774 750 3863 ipsis
774 3775 1001 3840 fabulae
1024 3776 1589 3841 interlocutoribus
1608 3776 1831 3840 Choro
1849 3798 1891 3840 n
1940 3777 2277 3863 mpharum
2304 3775 2796 3857 Oceanitidum,

409 3875 479 3926 et
536 3861 677 3960 ipso
737 3862 994 3947 quidem
1049 3863 1342 3939 Ocean0‚
1400 3864 1553 3926 satis
1611 3878 1807 3949 patet.
1956 3876 2095 3926 orte
2143 3863 2311 3926 inter
2366 3861 2672 3929 Gelonos
2718 3866 2794 3931 ad

407 3945 647 4011 Euxini
692 3945 885 4011 Ponti
935 3947 1240 4035 angulum
1280 3947 1841 4037 septentrionalem
1875 3948 2386 4013 constituendus.
2473 3950 2686 4033 Quod
2711 3952 2792 4017 ad

411 4032 776 4098 Caucasum
825 4033 1077 4112 attinet,
1123 4035 1189 4099 in
1237 4056 1317 4099 eo
1348 4035 1612 4120 quidem
1644 4048 1781 4098 erat
1809 4056 2003 4099 scena
2034 4034 2404 4099 Promethei
2437 4033 2699 4115 Soluti3
2742 4038 2792 4102 is

407 4140 645 4205 nempe
698 4119 822 4183 fuit
878 4121 1172 4185 secundae
1229 4119 1624 4208 religationis
1675 4120 1876 4199 locus,
1934 4136 2011 4184 ut
2067 4119 2207 4184 fuse
2264 4120 2462 4186 docet
2525 4122 2786 4188 Schutz.

408 4204 492 4269 de
544 4227 678 4289 quo
726 4219 960 4282 noster,
1004 4218 1065 4282 y.
1096 4216 1278 4280 1019.
1370 4207 1603 4293 Neque
1653 4206 1830 4270 enim
1879 4206 1945 4269 in
2003 4205 2125 4272 hac
2315 4207 2498 4272 oedia
2557 4209 2784 4295 aquile

409 4312 611 4376 poena
654 4290 1075 4355 Prometheus
1106 4293 1404 4372 afficitur,
1449 4293 1624 4379 quod
1657 4293 1892 4358 diserte
1924 4292 2170 4358 indicat
2377 4292 2570 4382 hylus
2609 4296 2782 4376 infra,

408 4390 469 4452 γ.
505 4383 687 4441 1020.
760 4376 826 4439 S.
865 4376 1193 4442 Burman.

498 4475 749 4525 κΕιτΑῐ
797 4478 894 4525 ΔΕ
938 4480 984 4525 Η
1030 4479 1467 4528 mreonoiiA.
1531 4463 2048 4552 Epicharmum,
2091 4477 2158 4529 et
2211 4465 2420 4552 ipsum
2457 4465 2777 4555 Pythago-

408 4568 613 4629 reum,
665 4545 975 4634 AEschylo
1027 4549 1161 4613 fere
1202 4566 1628 4630 coaetaneuin,
1696 4553 1852 4640 quin
1899 4568 1966 4618 et
2007 4550 2286 4619 Hieroni
2331 4552 2775 4641 gratissimum,
