2909 4884
228 461 417 557 IN
582 464 1509 567 PROMETH.
1671 467 2524 567 VINCTUM

292 722 777 798 THOMAE
826 725 1388 802 STANLEII
1441 728 2457 808 COMMENTARIUS.

390 934 591 1022 [Quae
620 933 923 1002 uncinulis
949 929 1338 1005 includuntur
1364 962 1440 1004 ex
1467 940 1736 1007 αηὲἶοήε
1761 941 1950 1007 MSto
1977 942 2325 1026 accedunt]

174 1092 319 1210 T1
336 1144 423 1211 T.
480 1165 916 1217 nemmem->2
942 1169 1352 1220 ΔΕΣΜΩΤΗΣ.
1399 1153 1783 1219 Prometheus
1802 1153 2111 1242 religatus.
2162 1153 2257 1220 Ita
2283 1154 2558 1220 reddunt

170 1242 376 1312 Attius
408 1261 477 1313 et
508 1246 851 1316 Martialis.
905 1251 1228 1318 Nonnulli
1264 1276 1300 1318 e
1329 1255 1554 1320 sanctis
1588 1253 1878 1319 Patribus
1909 1253 2269 1321 Promethei
2299 1255 2557 1320 vincula

167 1341 445 1413 sabulosa
497 1372 643 1414 cum
694 1353 980 1437 passione
1030 1353 1299 1418 Domini
1340 1353 1531 1418 nostri
1574 1352 1932 1431 conferunt,
1981 1352 2150 1420 hisce
2193 1353 2398 1419 forsan
2446 1365 2553 1419 aut

165 1445 466 1515 similibus
521 1451 870 1517 rationibus
918 1453 1246 1540 perducti:
1316 1452 1598 1518 Christus
1650 1465 1743 1518 est
1788 1465 1813 1517 ὃ
1861 1462 2046 1532 Λόγος,
2106 1461 2274 1535 Σοφία
2319 1459 2550 1535 nareae,

163 1567 347 1629 quem
397 1562 465 1616 et
497 1573 533 1615 a
565 1551 925 1642 Pythagora
975 1565 1161 1635 Σοφίαν
1189 1552 1427 1618 dictum
1467 1552 1691 1617 volunt
1727 1552 1958 1640 aliqui:
2004 1573 2081 1616 eo
2122 1575 2250 1616 non
2299 1551 2551 1619 abludit

165 1643 520 1715 Promethei
552 1673 785 1717 nomen
813 1676 828 1726 ;
875 1652 1066 1717 ambo
1094 1659 1439 1736 φιλάνθρωποι.
1531 1650 1807 1738 Causam
1836 1655 2001 1724 δι’σιως
2043 1650 2434 1716 Prometheae
2464 1651 2548 1716 ab

162 1746 281 1813 aliis
310 1773 545 1816 novam
577 1764 641 1817 et
671 1752 861 1842 longe
891 1753 1202 1820 diversam
1241 1751 1457 1817 statuit
1483 1749 1849 1839 AEschylus,
1896 1749 2005 1816 sed
2037 1749 2188 1814 huic
2237 1749 2549 1838 analogiae

160 1849 330 1917 valde
388 1868 895 1942 congruentem;
965 1852 1270 1919 nimirum
1329 1850 1499 1938 quod
1562 1872 1710 1916 cum
1766 1848 2020 1937 Jupiter
2076 1860 2284 1914 totum
2342 1871 2548 1938 genus

160 1944 499 2018 humanum
538 1952 672 2019 ibat
713 1953 1052 2042 perditum,
1105 1953 1415 2021 obstiterit
1458 1950 1879 2019 Prometheus
1928 1950 2223 2018 mortales
2273 1949 2548 2018 liberans

159 2046 230 2112 ab
258 2049 455 2131 Orco,
499 2055 561 2122 ff.
595 2073 746 2139 235.

488 2154 624 2229 ⁸570)
653 2158 700 2216 δὲ
729 2164 915 2234 eumz:
941 2159 1242 2235 ἰξελυσᾶμην
1270 2156 1474 2240 effla

486 2264 569 2317 '1'3
594 2257 667 2333 μῗ)
695 2259 1090 2341 διαῤῥαισθίντας
1119 2266 1185 2327 εἷς
1212 2259 1310 2340 ᾆδε
1335 2266 1522 2336 μολιῖν.

160 2355 353 2433 Δηρὼ
380 2351 616 2441 itaque,
652 2352 1010 2420 Promethei
1040 2353 1417 2442 epithetum,
1450 2354 1896 2441 interpretatur
1929 2351 2151 2418 Suidas
2188 2356 2266 2416 τὸν
2309 2358 2428 2434 ὑπὲρ
2469 2364 2540 2417 τῦ

158 2460 249 2511 aas
284 2458 679 2521 ἐποθιῆσκωτα.
769 2452 965 2539 Quod
1009 2454 1088 2518 ad
1129 2454 1423 2541 supplicii
1477 2475 1682 2543 genus
1731 2451 1971 2529 attinet,
2018 2459 2350 2539 praeruptae
2391 2451 2537 2538 rupi

160 2542 504 2628 Caucaseae,
538 2553 712 2618 cruci
742 2554 1042 2642 simplici,
1076 2565 1146 2621 ut
1175 2556 1261 2620 ita
1290 2555 1522 2632 dicam,
1557 2578 1635 2621 ex
1664 2576 1794 2641 qua
1820 2554 2023 2640 prima
2051 2575 2123 2617 ac
2153 2552 2290 2617 rudi
2320 2556 2535 2641 specie

160 2643 227 2709 nd
264 2652 665 2737 compactam
705 2664 968 2717 ventum
1009 2654 1194 2720 fuisse
1226 2654 1408 2719 docet
1439 2654 1684 2743 Lipsius
1713 2654 1794 2721 de
1836 2653 2043 2720 Cruce
2084 2651 2137 2719 1.
2183 2675 2248 2738 5.
2303 2654 2533 2721 affixus

158 2765 218 2808 nc
254 2770 592 2836 suspensus
633 2763 727 2816 est
775 2751 1212 2831 Prometheus,
1256 2755 1418 2844 ignis
1467 2755 1749 2821 suffurati
1793 2778 2014 2844 poenas
2062 2754 2286 2833 luens;
2343 2779 2532 2824 cruce

158 2845 306 2911 enim
340 2847 786 2934 plectebantur
812 2851 1127 2920 latrones:
1158 2854 1431 2943 ideoque
1464 2878 1615 2922 eum
1640 2855 1959 2925 Lucianus
1980 2863 2285 2942 φαυςυθίηα
2307 2869 2528 2934 vocat:

157 2955 211 3005 et
238 2942 678 3013 Tertullianus
723 2949 1017 3019 adversus
1062 2951 1462 3020 Marcionem
1494 2954 1547 3022 1.
1590 2978 1642 3023 1.
1678 2980 1884 3024 cruces
1913 2957 2320 3033 Caucasorum
2352 2958 2525 3028 dixit.

160 3040 291 3126 Quo
317 3045 530 3112 allusit
558 3059 622 3114 et
652 3048 966 3117 Martialis
995 3050 1048 3117 1.
1096 3052 1374 3140 Spectac.
1411 3055 1612 3144 epigr.
1646 3073 1708 3138 7.

310 3146 598 3232 Qualiter
626 3149 692 3213 in
724 3149 1007 3238 Scythica
1038 3151 1330 3243 religatus
1357 3171 1510 3243 rupe
1535 3154 1926 3221 Prometheus

386 3247 723 3314 Assiduum
755 3252 919 3317 nudo
940 3257 1188 3343 petitore
1208 3253 1385 3345 pavit
1412 3276 1623 3324 avem:

305 3345 505 3414 Nuda
542 3348 875 3416 Caledonio
903 3354 993 3417 sic
1019 3352 1211 3419 ubera
1238 3352 1502 3443 prebuit
1528 3373 1676 3418 ursa

388 3446 467 3512 N
466 3470 543 3512 on
573 3447 752 3537 salsa
786 3452 1060 3539 pendens
1087 3452 1152 3517 in
1183 3474 1353 3517 cruce
1380 3449 1746 3517 Laureolus.

227 3543 512 3626 [Seneca,
547 3548 947 3616 Controvers.
986 3550 1073 3617 X.
1109 3573 1171 3638 5.
1195 3574 1335 3638 quae
1360 3550 1669 3617 Parrhasii
1694 3548 2108 3617 Prometheus
2130 3549 2517 3634 inscribitur,

156 3637 302 3709 Inter
332 3644 575 3726 altaria,
620 3649 848 3737 inquit,
895 3649 1169 3740 Olynthii
1204 3651 1368 3718 senis
1405 3674 1638 3717 crucem
1662 3649 1927 3739 posuit]

225 3762 600 3814 τΠοΘΕΣιΣ.
694 3749 896 3816 Vetus
936 3773 1069 3818 esse
1110 3750 1231 3816 hoc
1260 3753 1894 3839 argumentum'sane
1922 3758 2066 3814 ante
2098 3747 2424 3837 Sophoclis
2455 3760 2520 3816 et

161 3835 466 3935 Euripidis
499 3846 778 3916 Fabulas
820 3852 1192 3939 deperditas,
1239 3851 1381 3917 satis
1425 3850 1630 3935 liquet
1673 3870 1752 3912 ex
1792 3847 1866 3911 iis
1896 3869 2042 3938 quae
2073 3848 2156 3913 de
2187 3846 2524 3935 Sophoclis

158 3940 387 4014 Colchis
416 3960 481 4014 et
516 3947 832 4037 Euripidis
862 3950 1180 4042 tragoediis
1210 3960 1581 4039 sequuntur.

225 4043 384 4114 lbid.
474 4066 745 4115 ῐΣτΕοΝ
814 4069 904 4117 ΔΕ
962 4069 1085 4116 οτι
1143 4067 1234 4117 or
1292 4066 1503 4115 RATA
1559 4063 1710 4111 ‘rou
1768 4061 2057 4111 nomon
2113 4058 2354 4111 Aorou
2410 4064 2512 4113 EN

160 4158 511 4214 κΑτκΑΣΩι.
626 4147 832 4216 Recte
905 4152 1166 4237 quidem
1238 4161 1302 4214 et
1368 4147 1650 4237 apposite
1707 4147 1791 4213 ab
1851 4148 2110 4211 auctore
2164 4148 2524 4235 argumenti

156 4242 528 4316 observatum
580 4262 694 4329 est,
756 4254 1113 4318 secundum
1163 4271 1578 4317 communem
1628 4246 2006 4314 sententiam
2060 4245 2521 4313 Prometheum

159 4340 411 4416 Caucaso
454 4352 659 4416 monti
701 4352 1052 4441 alligatum,
1099 4362 1161 4417 at
1201 4350 1371 4437 apud
1412 4348 1792 4437 AEschylum
1831 4348 2036 4435 potius
2065 4345 2145 4412 ad
2179 4344 2522 4434 Europaeas

160 4439 366 4518 oceani
397 4461 603 4538 partes
633 4451 923 4519 vinctum
952 4451 1193 4518 videri:
1230 4451 1526 4533 recteque
1555 4448 1690 4516 haec
1721 4448 1801 4545 al>
1831 4448 2129 4514 omnibus
2163 4445 2530 4514 Scholiastis

1340 4572 1383 4616 X
1437 4568 1475 4616 2
