2909 4884
515 340 812 418 NOTAE
873 348 1278 419 VARIOR.
1338 338 1464 418 ET
1522 346 2001 420 BUTLERI.
2330 360 2460 428 219

56 504 132 572 Si
176 503 465 593 quando
517 506 819 572 incideris
868 506 941 572 L.
975 505 1055 572 B.
1106 507 1174 571 in
1224 506 1443 572 locum
1496 507 1819 594 quendam
1879 504 2137 584 Galeni,
2190 503 2300 592 qui
2362 519 2465 571 est

60 594 131 657 in
190 594 421 681 primo
476 594 943 658 commentario
998 595 1065 658 in
1117 608 1372 659 sextum
1420 598 1675 674 ιπιδημιῦι
1725 593 2170 681 Hippocratis,
2215 594 2283 656 in
2326 614 2460 679 quo

60 700 295 744 versus
351 678 681 766 quosdam.
722 680 878 744 citat
926 700 1010 744 ex
1061 701 1138 744 ea
1186 681 1511 768 tragoedia
1566 702 1713 767 quae
1767 679 2136 743 inscribitur
2185 681 2460 762 Προμηθεὺς

64 769 377 844 acen-hnc,
420 772 596 851 (quae
638 765 919 853 primum
965 766 1178 830 locum
1229 767 1293 830 in
1340 781 1560 830 nostra
1602 766 1911 842 editione,
1959 778 2030 829 ut
2060 765 2128 828 in
2159 765 2462 829 omnibus

63 852 371 937 antiquis
427 851 922 939 exemplaribus,
983 853 1287 929 obtinet,)
1346 854 1412 916 in
1473 852 1595 919 illis
1652 852 1762 917 hic
1828 850 2190 937 quaerendis
2244 850 2460 915 oleum

65 951 275 1022 atque
342 959 384 1003 o
469 960 606 1002 ram
656 961 789 1005 non
845 939 1092 1025 perdaS,
1156 960 1488 1024 nunquam
1536 960 1648 1003 eos
1706 953 2090 1026 reperturus,
2204 935 2464 1002 Profert

66 1038 300 1087 antem
452 1024 670 1088 alenus
742 1025 901 1103 illos,
976 1026 1057 1090 de
1138 1025 1615 1112 significatione
1689 1025 1868 1089 vocis
1947 1027 2155 1104 σίμφιξ
2237 1044 2462 1111 agens.

69 1108 449 1194 Postquam
491 1111 665 1175 enim
711 1133 793 1175 ex
826 1111 1151 1199 Sophocle
1183 1111 1551 1177 testimonia
1578 1110 1907 1198 produxit,
1951 1110 2155 1188 addit,
2197 1115 2464 1193 Αεσχῦλος

64 1196 115 1257 '3
158 1204 207 1257 ὃν
254 1203 522 1276 Προμηθεῖ·
551 1200 794 1285 &ep-217,
839 1201 1050 1262 Εὐθεῖαι
1093 1199 1288 1278 {gestiit
1330 1201 1378 1260 ἃ
1409 1202 1499 1260 καὶ
1528 1201 1766 1281 σςῦπςτι
1790 1200 1877 1274 μὶν
1910 1198 2150 1279 Bag-4205
2177 1199 2306 1271 ἥξεις
2332 1199 2462 1280 a&

67 1292 344 1346 σπεῖσον.
417 1289 611 1355 etima?
660 1289 838 1367 Βςῦμυ
891 1287 1272 1363 καταιγίζοντα,
1330 1288 1403 1365 μῆ
1460 1290 1511 1348 σ’
1546 1284 1819 1368 &mgni-op
1874 1285 2178 1364 δνσχιιμίςῳ
2232 1292 2468 1362 σῖμφιγι

68 1373 275 1447 τρίψας
343 1372 504 1448 ἔφη.
638 1369 802 1441 Quoe
861 1372 1076 1447 verba,
1140 1382 1210 1434 et
1267 1370 1615 1457 depravata
1671 1382 1739 1433 et
1789 1366 2079 1446 confusa,
2150 1366 2243 1432 sic
2301 1364 2463 1431 mihi

73 1468 421 1541 utcunque
460 1456 790 1521 emendari
823 1472 888 1520 et
919 1457 984 1521 in
1016 1456 1307 1520 ordinem
1343 1477 1636 1520 versuum
1665 1454 1872 1541 redigi
1905 1451 2203 1519 videntur
2235 1476 2417 1541 posse
2438 1478 2458 1518 t

514 1549 717 1605 Εὖθιῖαυ
759 1547 871 1627 ’ὅρη
912 1545 1063 1611 τήνδε·
1109 1547 1197 1605 καὶ
1239 1547 1478 1624 κυρίη-κα
1518 1548 1601 1619 μὶν

520 1632 758 1712 Βοςτᾶὃας
784 1630 928 1704 ἥξεις
969 1634 1091 1710 argei,-
1133 1640 1379 1708 πνοαῖσιν,
1424 1634 1617 1698 ιῦλαβέ

519 1721 701 1797 Βςὸμον
741 1718 1125 1795 καταιγίζοντα,
1164 1718 1237 1795 μῆ
1277 1722 1324 1779 0³
1358 1717 1628 1802 ἀναμείνῃ

512 1803 842 1884 Δυσχιιμίςυ
883 1813 1110 1882 «repom
1150 1807 1345 1884 τρίψας
1385 1805 1544 1881 ἄφνω.

80 1880 390 1949 Primum
459 1907 712 1951 versum
778 1868 832 1950 si
903 1888 994 1951 ita
1051 1886 1303 1967 legeris,
1372 1888 1643 1950 minima
1703 1886 2063 1951 mutatione
2129 1885 2463 1953 restituere

81 1971 363 2054 poteris.
483 1970 588 2037 De
642 1973 927 2037 secundo
978 1958 1251 2061 amplius
1298 1971 1783 2037 deliberandum
1843 1994 2099 2037 censeo.
2211 1971 2465 2037 Tertius

84 2070 309 2122 autem
357 2057 627 2123 minime
685 2060 1028 2123 mendosus
1082 2081 1218 2124 esse
1279 2059 1553 2124 videtur.
1673 2058 1926 2129 Quarto
1986 2058 2166 2122 deest
2222 2058 2468 2144 syllaba

84 2140 329 2229 aliqua.
417 2143 547 2209 Sed
591 2145 770 2230 quid,
811 2147 1103 2221 obsecr0,
1147 2145 1546 2232 suspicemur
1589 2144 1669 2209 de
1719 2143 1820 2207 his
1851 2144 2176 2223 versibus?
2240 2165 2323 2207 an
2353 2166 2465 2209 eos

88 2226 152 2291 in
201 2230 513 2295 omnibus
571 2252 717 2317 quae
770 2232 959 2295 nobis
1008 2232 1223 2295 videre
1273 2230 1622 2318 contigerit
1670 2229 2145 2318 exemplaribus
2195 2231 2465 2294 omissos

90 2318 277 2380 esse?
355 2314 550 2381 Certe
592 2317 643 2380 si
692 2317 756 2381 in
803 2317 880 2382 iis
924 2318 1223 2381 omnibus
1253 2317 1471 2380 omissi
1502 2316 1653 2394 sint,
1694 2316 1916 2382 nescio
1947 2316 2012 2379 in
2040 2337 2171 2401 quo
2203 2315 2465 2381 tandem

88 2419 199 2465 eos
250 2419 584 2489 repertum
632 2402 707 2466 iri
753 2422 1006 2491 sperare
1048 2404 1385 2490 possimuS.
1481 2402 1671 2481 Nam,
1718 2416 1789 2466 ut
1820 2401 1902 2465 de
1931 2401 2009 2467 iis
2040 2416 2289 2466 taceam
2322 2424 2463 2487 quae

93 2486 318 2553 videre
380 2489 595 2587 potuit
660 2487 1010 2566 Victorius,
1076 2489 1204 2554 hoc
1267 2490 1586 2553 affirmare
1657 2489 1884 2567 ausim,
1953 2509 2086 2553 non
2199 2488 2464 2551 auciora

92 2573 473 2656 quindecim
517 2597 559 2639 a
606 2596 714 2640 me
762 2596 899 2640 esse
946 2577 1101 2653 visa,
1142 2576 1375 2662 partim
1432 2574 1745 2652 Venetiis,
1805 2575 2039 2662 partim
2103 2510 2468 2654 Flhrentiae,

98 2660 337 2743 partim
370 2661 650 2740 'Romoe,
714 2662 951 2750 partim
996 2662 1191 2726 etiam
1252 2660 1574 2749 Neapoli;
1646 2662 1787 2742 (sed
1841 2661 1908 2725 in
1968 2681 2242 2746 quorum
2294 2658 2470 2726 bona

97 2760 282 2828 parte
337 2760 589 2811 tantum
640 2751 861 2836 primae
915 2765 1039 2813 tres
1085 2748 1419 2835 tragoediae
1474 2749 1894 2828 haberentur)
1936 2769 2078 2833 quae
2125 2768 2349 2832 quum,
2392 2760 2469 2814 ut

98 2849 273 2896 eram
317 2833 629 2912 curiosus,
680 2835 901 2898 omnia
951 2833 1441 2922 pervolutarem,
1506 2834 1774 2899 minime
1827 2834 1891 2898 in
1943 2832 2072 2898 ullo
2118 2833 2467 2918 quicquam

94 2914 216 2981 tale
264 2920 495 3006 reperi.
580 2919 785 3007 Atqui
831 2922 883 2986 si
924 2943 1008 2985 ex
1039 2919 1163 2985 hac
1196 2920 1520 3005 tragoedia
1552 2942 1763 2985 versus
1793 2919 1933 2983 illos
1964 2941 2100 2984 esse
2131 2940 2464 3006 negemus,

96 3002 217 3065 δυοῖι
244 3006 473 3090 θάτερον,
503 3021 616 3071 aut
642 3008 724 3072 de
775 3027 1058 3071 ravatum
1087 3029 1224 3071 esse
1256 3006 1489 3071 Galeni
1521 3005 1777 3084 librum,
1820 3019 1889 3069 et
1919 3006 2107 3068 unius
2129 3017 2187 3068 tr
2273 3004 2466 3070 oediae

104 3087 360 3155 titulum
426 3113 546 3179 pro
610 3030 800 3157 titul'o
866 3092 1122 3157 alterius
1187 3093 1630 3190 suppositum3
1701 3103 1816 3155 aut
1872 3090 2081 3177 ipsum
2142 3089 2247 3154 Ga
2270 3110 2466 3155 enum

104 3193 438 3263 perperam
500 3200 697 3242 unum
760 3201 877 3277 pro
926 3177 1054 3242 alio
1112 3178 1461 3264 scripsisse,
1514 3175 1979 3263 judicabimus.
2094 3174 2209 3239 Vis
2268 3174 2467 3241 libere

105 3258 320 3326 dicam
381 3264 561 3347 quod
618 3267 865 3329 sentio?
952 3263 1357 3328 Crediderim
1408 3264 1491 3327 ab
1545 3262 1871 3350 imperitia
1927 3260 2256 3348 scriptoris
2315 3284 2467 3348 pro-

106 3343 349 3412 fectum
391 3370 524 3414 non
572 3371 708 3415 esse
748 3350 923 3415 hunc
981 3371 1258 3415 errorem
1317 3349 1399 3431 (si
1458 3349 1635 3414 enim
1690 3360 1830 3413 erat
1885 3346 2214 3412 literarum
2273 3346 2470 3429 rudis,

105 3433 276 3499 unde
321 3434 638 3501 didicerat
685 3459 823 3500 esse
882 3435 1173 3522 AEschyli
1219 3437 1605 3535 tragoediam
1666 3457 1807 3525 quae
1853 3435 2143 3516 Πςομηθοὸς
2198 3437 2471 3513 Amph-5

107 3525 516 3602 vocaretur?)
596 3523 707 3588 sed
753 3544 891 3587 esse
935 3521 1193 3602 Galeni,
1256 3521 1429 3586 aliud
1474 3521 1824 3609 cogitantis
1866 3533 1934 3585 et
1975 3520 2046 3584 in
2095 3517 2234 3583 aliis
2281 3519 2470 3584 rebus

108 3606 434 3693 occupati,
494 3614 771 3687 μημκκὸ
824 3613 1129 3691 ἁμάρτημα.
1260 3609 1477 3680 Quam
1536 3607 1741 3673 multa
1797 3620 2012 3672 autem
2074 3604 2471 3693 reperiantur

112 3704 396 3756 veterum
440 3706 779 3759 auctorum
822 3695 1202 3759 Gra-corum
1249 3694 1488 3781 pariter
1545 3708 1614 3759 et
1665 3693 2041 3759 Latinorum
2099 3691 2472 3757 hu'usmodi

109 3778 373 3854 μημοοικὰ
427 3782 806 3864 &papus-pava,
869 3780 1025 3866 quid
1088 3780 1194 3843 hic
1253 3781 1487 3844 attinet
1542 3778 2096 3845 commemorare?
2238 3798 2274 3841 e
2333 3777 2472 3864 ipse

114 3863 371 3945 quidem
417 3863 674 3943 Cicer0,
726 3881 801 3931 ut
842 3882 1081 3931 norunt
1129 3888 1376 3944 omnes»,
1440 3868 1524 3931 ab
1580 3866 1662 3930 iis
1709 3865 2038 3930 vindicare
2089 3884 2158 3927 se
2217 3863 2475 3950 potuit:

112 3960 177 4011 et
217 3948 354 4034 ejus
406 3972 558 4016 cum
618 3950 725 4016 alii
783 3951 941 4018 alios
999 3952 1330 4016 memoriae
1382 3952 1592 4038 lapsus
1651 3950 2260 4028 animadverterunt,
2330 3965 2474 4015 tum

117 4053 263 4100 vero
318 4058 526 4124 nuper
573 4059 698 4125 ego
758 4038 999 4126 primus
1057 4039 1377 4123 quendam
1440 4036 1934 4124 deprehendisse
1990 4034 2152 4099 mihi
2211 4034 2477 4115 videor-3

113 4136 300 4202 quem
344 4138 562 4187 tamen
608 4123 795 4209 hujus
838 4124 966 4188 loci
1011 4145 1138 4187 non
1187 4138 1283 4188 est
1322 4122 1578 4189 referre.
1667 4122 1797 4188 Sed
1827 4135 1894 4188 et
1921 4142 2006 4185 nu
2096 4120 2288 4185 rrime
2317 4122 2475 4188 dum

116 4208 499 4273 excuderem
564 4208 848 4274 Maximi
912 4208 1093 4295 Tyrii
1165 4209 1534 4297 philosophi
1601 4207 1921 4273 Platonici
2069 4228 2267 4271 raecas
2342 4207 2475 4272 dis·

119 4294 496 4375 putationes,
557 4317 885 4381 nunquam
945 4310 1136 4359 antea
1182 4296 1250 4359 in
1299 4295 1508 4360 lucem
1557 4294 1784 4374 editaS,
1848 4292 2089 4361 offendi
2151 4292 2276 4358 tale
2335 4291 2474 4378 ejus

120 4386 385 4451 mamb·
423 4385 728 4462 ἂμόςημι.
787 4383 963 4468 quod
1007 4379 1194 4466 quale
1237 4382 1322 4444 sit
1363 4381 1415 4445 si
1465 4382 1557 4447 vis
1602 4379 1979 4469 intelligere,
2040 4377 2189 4443 vide
2249 4377 2477 4460 Annq-

123 4463 385 4530 tationes
445 4488 605 4551 quas
653 4467 734 4532 ad
780 4468 1026 4533 calcem
1073 4465 1238 4531 illius
1284 4466 1430 4530 libri
1488 4465 1782 4551 adjunxi.
1911 4465 2074 4551 Qus-e
2129 4484 2327 4549 quum
2385 4464 2476 4531 ita

124 4546 263 4631 sint,
311 4550 567 4618 Galeno
614 4575 874 4641 quoque
920 4554 1047 4620 hoc
1090 4558 1315 4635 cvl->wa
1346 4554 1814 4619 condonemus.
1905 4552 1997 4619 At
2023 4549 2200 4617 enim
2232 4570 2315 4613 ex
2348 4571 2478 4636 qua
