2909 4884
410 310 534 397 136
913 301 1600 375 PROMETH.
1694 305 2318 377 VINCTUS.

751 461 998 528 Primus
1028 462 1220 529 etiarn
1251 461 1328 527 ad
1353 464 1507 551 juga
1540 462 1828 551 copulavi
1858 463 2157 552 animalia

748 565 927 651 Jugis
967 576 1030 628 et
1072 562 1439 651 corporibus
1480 563 1829 640 servientia,
1877 575 1946 628 ut

752 662 1117 728 Hominum
1150 663 1289 727 loco
1321 663 1626 728 maximos
1672 662 1919 730 labores

750 760 1185 850 susciperent:
1240 762 1317 826 ad
1350 785 1569 827 currus
1597 762 1857 850 adjunxi
1887 764 2065 831 frena
2084 765 2424 833 tolerantes

750 862 992 951 EquOS,
1042 875 1488 928 ornamentum
1514 863 1858 950 praedivitis
1882 865 2168 931 luxuriae.
2683 868 2798 953 4⁴55

749 962 1074 1050 Marivaga
1097 985 1264 1036 vern,
1317 963 1528 1028 nullus
1562 986 1594 1026 a
1628 985 1733 1028 me
1763 964 1942 1042 alius,

744 1062 1031 1127 Linivola
1051 1075 1066 1104 ⁷
1086 1062 1326 1126 invenit
1347 1074 1682 1126 nautarum
1712 1062 2021 1129 vehicula.

749 1161 1140 1250 Hujusmodi
1165 1162 1417 1225 artificia
1449 1162 1640 1225 miser
1670 1183 1821 1225 cum
1853 1185 1972 1250 ego
2005 1163 2358 1228 invenerim

744 1260 1161 1336 Hominibu8‚
1208 1262 1343 1347 ipse
1377 1283 1505 1325 non
1540 1260 1746 1325 habeo
1775 1262 2114 1339 solertiam,
2157 1287 2289 1350 qua

744 1358 1010 1425 Liberer
1039 1360 1120 1424 ab
1155 1360 1272 1424 hoc
1307 1383 1479 1424 nunc
1513 1362 1803 1447 praesenti
1835 1363 2029 1428 malo.
2687 1385 2802 1452 470

403 1482 620 1531 cnon.
741 1457 1089 1548 Indignum
1123 1459 1347 1547 pateris
1378 1459 1669 1535 exitium,
1717 1472 1932 1527 mente
1965 1462 2403 1529 hallucinatus·

655 1606 700 1637 „
746 1558 952 1635 ErraS,
999 1559 1205 1623 malus
1234 1581 1382 1623 vero
1414 1558 1694 1624 medicus
1726 1561 1926 1645 quiin
1950 1563 2249 1628 morbum

654 1708 701 1738 „
741 1659 1072 1746 Prolapsus
1102 1657 1385 1723 animum
1409 1658 1781 1744 despondes,
1828 1682 1945 1724 nec
1974 1673 2155 1748 potes
2181 1661 2463 1726 invenire

652 1807 695 1837 „
742 1758 998 1843 Quibus
1026 1771 1158 1823 tute
1193 1758 1484 1823 remediis
1521 1760 1600 1823 sis
1629 1759 1945 1824 curabilis.

403 1884 620 1928 raon.
745 1859 1020 1944 Reliqua
1048 1882 1129 1922 ex
1161 1880 1263 1922 me
1295 1858 1557 1924 audiens
1589 1860 1901 1924 mirabere
1933 1860 2127 1949 magis
2681 1881 2794 1951 475

745 1957 983 2042 Quales
1007 1970 1165 2022 artes
1197 1970 1258 2021 et
1290 1957 1468 2021 dolos
1500 1958 1924 2046 excogitarim.

743 2056 896 2122 Hoc
927 2058 1301 2132 maximum;
1349 2057 1397 2121 si
1429 2057 1567 2143 quis
1597 2059 1660 2122 in
1703 2059 2003 2124 morbum
2027 2060 2332 2126 incideret

743 2159 898 2224 Non
933 2169 1060 2223 erat
1082 2158 1432 2224 remedium
1460 2159 1686 2236 ullum,
1735 2182 1947 2246 neque
1978 2161 2394 2237 esculentum,

743 2258 982 2346 Neque
1013 2273 1435 2347 unguentum,
1472 2281 1680 2344 neque
1714 2259 2143 2344 poculentum,
2179 2260 2286 2324 sed
2318 2261 2505 2346 phar-

906 2383 1232 2425 macorum

737 2461 957 2548 Inopia
987 2458 1483 2536 exsiccabuntur,
1530 2470 1869 2547 antequam
1901 2477 2020 2549 ego
2041 2461 2132 2527 eis
2677 2462 2795 2550 480

739 2559 1094 2625 Monstravi
1120 2557 1462 2623 salubrium
1493 2558 2104 2625 medicamentorum
2134 2559 2644 2649 compositiones,

740 2658 1001 2744 Quibus
1030 2679 1251 2721 omnes
1284 2657 1684 2745 profligarent
1707 2659 1977 2724 morbos.

741 2758 977 2824 Modos
1009 2760 1196 2823 etiam
1218 2758 1449 2822 multos
1471 2757 1746 2822 vaticinii
1768 2758 2074 2837 ordinavi,

736 2859 822 2926 Et
843 2858 1081 2947 primus
1103 2858 1357 2923 definivi
1380 2857 1771 2922 somniorum
1794 2880 2083 2945 quaenam
2107 2871 2392 2949 oporteat

739 2960 899 3026 Rata
929 2958 1197 3031 evenire,
1246 2968 1309 3021 et
1328 2957 1541 3022 omina
1558 2956 2152 3042 judicatu-difficilia
2669 2961 2786 3042 485

738 3059 1037 3148 Explicui
1060 3059 1226 3146 ipsis,
1259 3058 1563 3147 signaque
1593 3057 1662 3120 in
1692 3058 1805 3121 viis
1825 3056 2043 3133 obvim

736 3160 914 3225 Tum
934 3159 1158 3223 alitum
1190 3157 1444 3222 aduncis
1470 3154 1790 3244 unguibus
1811 3157 2093 3222 volatum
2126 3168 2404 3222 accurate

737 3258 1035 3333 Distinxi‚
1068 3270 1131 3321 et
1151 3258 1266 3344 qui
1302 3268 1518 3321 natura
1541 3255 1765 3332 dextri,
2179 3271 2189 3282 ‘

737 3359 820 3424 Et
841 3359 956 3443 qui
980 3358 1227 3431 sinistri,
1252 3367 1313 3420 et
1335 3354 1590 3442 qualem
1616 3355 1755 3420 vitae
1780 3356 2082 3422 rationem

731 3457 995 3542 Quique
1031 3455 1355 3531 haberent,
1390 3467 1453 3519 et
1475 3476 1621 3539 quae
1643 3455 1808 3520 inter
1828 3479 1893 3521 se
1917 3457 2192 3522 invicem
2667 3483 2782 3550 490

735 3556 1107 3630 Inimicitiae,
1156 3554 1746 3641 benevolentiaeque
1771 3567 1832 3620 et
1855 3578 2213 3623 consessus:

731 3659 1185 3741 Viscerumque
1215 3655 1571 3732 laevitatem,
1620 3670 1682 3721 et
1712 3680 1840 3745 quo
1872 3657 2082 3725 colore

730 3757 997 3826 Praedita
1020 3755 1132 3820 diis
1162 3754 1397 3843 volupe
1426 3769 1649 3834 essent,

731 3858 925 3926 Fellis
947 3856 1153 3929 etiam,
1180 3867 1240 3918 et
1255 3856 1551 3942 jecinoris
1569 3857 1949 3946 variegatam
1972 3858 2267 3948 speciem,

724 3954 1155 4042 Membraque
1181 3954 1394 4018 nidore
1418 3968 1730 4042 cooperta,
1757 3970 1819 4021 et
1841 3957 2111 4045 longum
2305 4007 2310 4010 -
2657 3981 2777 4048 495

726 4057 1052 4125 Lumbum
1076 4053 1506 4119 comburendo
1530 4056 1590 4119 in
1616 4069 1811 4121 artem
1834 4057 2092 4123 inventu
2116 4056 2441 4125 difficilem

726 4158 1000 4226 Perduxi
1029 4155 1339 4230 homines,
1382 4166 1446 4219 et
1466 4156 1642 4243 signa
1665 4155 1957 4221 flammea

729 4254 1053 4331 Revelavi,
1093 4265 1235 4318 ante
1267 4253 1857 4341 caligine-obducta.

1309 4474 1331 4507 ⁷
1371 4466 1497 4529 MS.
1577 4466 1858 4531 Velivola.
