<?xml version="1.0" encoding="UTF-8"?>
<!DOCTYPE html PUBLIC "-//W3C//DTD XHTML 1.0 Transitional//EN"
    "http://www.w3.org/TR/xhtml1/DTD/xhtml1-transitional.dtd">
<html xmlns="http://www.w3.org/1999/xhtml" xml:lang="en" lang="en">
 <head>
  <title>
</title>
<meta http-equiv="Content-Type" content="text/html;charset=utf-8" />
  <meta name='ocr-system' content='tesseract 3.04.00' />
  <meta name='ocr-capabilities' content='ocr_page ocr_carea ocr_par ocr_line ocrx_word'/>
</head>
<body>
  <div class='ocr_page' id='page_1' title='image "./schylitragdiqus01unkngoog_0145.png"; bbox 0 0 2909 4884; ppageno 0'>
   <div class='ocr_carea' id='block_1_1' title="bbox 118 1294 268 1337">
    <p class='ocr_par' dir='ltr' id='par_1_1' title="bbox 118 1294 268 1337">
     <span class='ocr_line' id='line_1_1' title="bbox 118 1294 268 1337; baseline 0.007 -1"><span class='ocrx_word' id='word_1_1' title='bbox 118 1294 268 1337; x_wconf 76' lang='lat' dir='ltr'>CROR.</span> 
     </span>
    </p>
   </div>
   <div class='ocr_carea' id='block_1_2' title="bbox 118 2273 277 2320">
    <p class='ocr_par' dir='ltr' id='par_1_2' title="bbox 118 2273 277 2320">
     <span class='ocr_line' id='line_1_2' title="bbox 118 2273 277 2320; baseline 0.031 -5"><span class='ocrx_word' id='word_1_2' title='bbox 118 2273 277 2320; x_wconf 71' lang='lat' dir='ltr'>nou.</span> 
     </span>
    </p>
   </div>
   <div class='ocr_carea' id='block_1_3' title="bbox 122 3153 287 3203">
    <p class='ocr_par' dir='ltr' id='par_1_3' title="bbox 122 3153 287 3203">
     <span class='ocr_line' id='line_1_3' title="bbox 122 3153 287 3203; baseline 0.024 -6"><span class='ocrx_word' id='word_1_3' title='bbox 122 3153 287 3203; x_wconf 62' lang='grc' dir='ltr'><strong>(ΗΘΒ.</strong></span> 
     </span>
    </p>
   </div>
   <div class='ocr_carea' id='block_1_4' title="bbox 138 4229 303 4281">
    <p class='ocr_par' dir='ltr' id='par_1_4' title="bbox 138 4229 303 4281">
     <span class='ocr_line' id='line_1_4' title="bbox 138 4229 303 4281; baseline 0.03 -4"><span class='ocrx_word' id='word_1_4' title='bbox 138 4229 303 4281; x_wconf 69' lang='lat' dir='ltr'>nou.</span> 
     </span>
    </p>
   </div>
   <div class='ocr_carea' id='block_1_5' title="bbox 526 322 1912 393">
    <p class='ocr_par' dir='ltr' id='par_1_5' title="bbox 526 322 1912 393">
     <span class='ocr_line' id='line_1_5' title="bbox 526 322 1912 393; baseline -0.001 0"><span class='ocrx_word' id='word_1_5' title='bbox 526 322 1206 393; x_wconf 88' lang='lat' dir='ltr'><strong>PROMETH.</strong></span> <span class='ocrx_word' id='word_1_6' title='bbox 1295 323 1912 392; x_wconf 90' lang='lat' dir='ltr'><strong>VINCTUS.</strong></span> 
     </span>
    </p>
   </div>
   <div class='ocr_carea' id='block_1_6' title="bbox 394 478 1551 1064">
    <p class='ocr_par' dir='ltr' id='par_1_6' title="bbox 394 478 1458 766">
     <span class='ocr_line' id='line_1_6' title="bbox 395 478 1307 546; baseline -0.002 0"><span class='ocrx_word' id='word_1_7' title='bbox 395 481 474 546; x_wconf 90' lang='lat' dir='ltr'>Et</span> <span class='ocrx_word' id='word_1_8' title='bbox 512 478 1009 546; x_wconf 84' lang='lat' dir='ltr'>circumfluentis</span> <span class='ocrx_word' id='word_1_9' title='bbox 1044 501 1307 544; x_wconf 87' lang='lat' dir='ltr'>omnem</span> 
     </span>
     <span class='ocr_line' id='line_1_7' title="bbox 400 578 1458 667; baseline -0.002 -22"><span class='ocrx_word' id='word_1_10' title='bbox 400 580 663 646; x_wconf 83' lang='lat' dir='ltr'>Terram</span> <span class='ocrx_word' id='word_1_11' title='bbox 705 580 886 645; x_wconf 84' lang='lat' dir='ltr'>fluxu</span> <span class='ocrx_word' id='word_1_12' title='bbox 932 579 1271 667; x_wconf 87' lang='lat' dir='ltr'>irrequieto</span> <span class='ocrx_word' id='word_1_13' title='bbox 1316 578 1458 644; x_wconf 67' lang='lat' dir='ltr'>filiae</span> 
     </span>
     <span class='ocr_line' id='line_1_8' title="bbox 394 678 1200 766; baseline 0.001 -23"><span class='ocrx_word' id='word_1_14' title='bbox 394 681 589 746; x_wconf 84' lang='lat' dir='ltr'>Patris</span> <span class='ocrx_word' id='word_1_15' title='bbox 631 678 895 755; x_wconf 86' lang='lat' dir='ltr'>Oceani,</span> <span class='ocrx_word' id='word_1_16' title='bbox 943 680 1200 766; x_wconf 86' lang='lat' dir='ltr'>aspicite</span> 
     </span>
    </p>

    <p class='ocr_par' dir='ltr' id='par_1_7' title="bbox 396 779 1316 866">
     <span class='ocr_line' id='line_1_9' title="bbox 396 779 1316 866; baseline -0.003 -20"><span class='ocrx_word' id='word_1_17' title='bbox 396 781 586 866; x_wconf 84' lang='lat' dir='ltr'>Quali</span> <span class='ocrx_word' id='word_1_18' title='bbox 624 779 884 844; x_wconf 84' lang='lat' dir='ltr'>vinculo</span> <span class='ocrx_word' id='word_1_19' title='bbox 926 779 1316 854; x_wconf 65' lang='lat' dir='ltr'>constrictus,</span> 
     </span>
    </p>

    <p class='ocr_par' dir='ltr' id='par_1_8' title="bbox 396 877 1551 1064">
     <span class='ocr_line' id='line_1_10' title="bbox 396 877 1551 965; baseline 0.002 -23"><span class='ocrx_word' id='word_1_20' title='bbox 396 879 471 944; x_wconf 90' lang='lat' dir='ltr'>In</span> <span class='ocrx_word' id='word_1_21' title='bbox 510 902 760 945; x_wconf 81' lang='lat' dir='ltr'>summa</span> <span class='ocrx_word' id='word_1_22' title='bbox 795 878 1041 965; x_wconf 84' lang='lat' dir='ltr'>scopuli</span> <span class='ocrx_word' id='word_1_23' title='bbox 1070 877 1262 965; x_wconf 85' lang='lat' dir='ltr'>hujus</span> <span class='ocrx_word' id='word_1_24' title='bbox 1291 880 1551 944; x_wconf 81' lang='lat' dir='ltr'><strong>cavitate</strong></span> 
     </span>
     <span class='ocr_line' id='line_1_11' title="bbox 396 973 1506 1064; baseline 0.002 -23"><span class='ocrx_word' id='word_1_25' title='bbox 396 977 759 1043; x_wconf 80' lang='lat' dir='ltr'>Praesidium</span> <span class='ocrx_word' id='word_1_26' title='bbox 796 977 1143 1064; x_wconf 79' lang='lat' dir='ltr'><strong>inoptabile</strong></span> <span class='ocrx_word' id='word_1_27' title='bbox 1183 978 1397 1043; x_wconf 77' lang='lat' dir='ltr'>obibo·</span> <span class='ocrx_word' id='word_1_28' title='bbox 1499 973 1506 978; x_wconf 55' lang='grc'><em>”</em></span> 
     </span>
    </p>
   </div>
   <div class='ocr_carea' id='block_1_7' title="bbox 608 1144 1892 1217">
    <p class='ocr_par' dir='ltr' id='par_1_9' title="bbox 608 1144 1892 1217">
     <span class='ocr_line' id='line_1_12' title="bbox 608 1144 1892 1217; baseline 0.003 -5"><span class='ocrx_word' id='word_1_29' title='bbox 608 1144 1739 1212; x_wconf 89' lang='lat' dir='ltr'>ANTISTROPHE</span> <span class='ocrx_word' id='word_1_30' title='bbox 1834 1171 1892 1217; x_wconf 89' lang='lat'>1.</span> 
     </span>
    </p>
   </div>
   <div class='ocr_carea' id='block_1_8' title="bbox 399 1272 2015 2061">
    <p class='ocr_par' dir='ltr' id='par_1_10' title="bbox 401 1272 1957 1464">
     <span class='ocr_line' id='line_1_13' title="bbox 406 1272 1957 1343; baseline 0.001 -2"><span class='ocrx_word' id='word_1_31' title='bbox 406 1275 609 1341; x_wconf 89' lang='lat' dir='ltr'>Video</span> <span class='ocrx_word' id='word_1_32' title='bbox 637 1274 1059 1340; x_wconf 87' lang='lat' dir='ltr'>Prometheu:</span> <span class='ocrx_word' id='word_1_33' title='bbox 1111 1274 1222 1339; x_wconf 88' lang='lat' dir='ltr'>sed</span> <span class='ocrx_word' id='word_1_34' title='bbox 1244 1275 1402 1339; x_wconf 85' lang='lat' dir='ltr'>meis</span> <span class='ocrx_word' id='word_1_35' title='bbox 1425 1272 1738 1341; x_wconf 87' lang='lat' dir='ltr'>horrenda</span> <span class='ocrx_word' id='word_1_36' title='bbox 1758 1277 1957 1343; x_wconf 83' lang='lat' dir='ltr'>oculis</span> 
     </span>
     <span class='ocr_line' id='line_1_14' title="bbox 401 1373 1359 1464; baseline -0.002 -24"><span class='ocrx_word' id='word_1_37' title='bbox 401 1374 586 1442; x_wconf 81' lang='lat' dir='ltr'>irruit</span> <span class='ocrx_word' id='word_1_38' title='bbox 628 1375 855 1464; x_wconf 85' lang='lat' dir='ltr'>calig0,</span> <span class='ocrx_word' id='word_1_39' title='bbox 902 1373 1359 1461; x_wconf 84' lang='lat' dir='ltr'><strong>lachrymarum</strong></span> 
     </span>
    </p>

    <p class='ocr_par' dir='ltr' id='par_1_11' title="bbox 402 1472 1658 1562">
     <span class='ocr_line' id='line_1_15' title="bbox 402 1472 1658 1562; baseline 0.002 -23"><span class='ocrx_word' id='word_1_40' title='bbox 402 1475 625 1552; x_wconf 84' lang='lat' dir='ltr'>Plena,</span> <span class='ocrx_word' id='word_1_41' title='bbox 670 1498 824 1540; x_wconf 90' lang='lat' dir='ltr'>cum</span> <span class='ocrx_word' id='word_1_42' title='bbox 861 1472 1160 1560; x_wconf 83' lang='lat' dir='ltr'>conspexi</span> <span class='ocrx_word' id='word_1_43' title='bbox 1201 1496 1428 1562; x_wconf 85' lang='lat' dir='ltr'>corpus</span> <span class='ocrx_word' id='word_1_44' title='bbox 1472 1488 1658 1541; x_wconf 87' lang='lat' dir='ltr'>tuum</span> 
     </span>
    </p>

    <p class='ocr_par' dir='ltr' id='par_1_12' title="bbox 400 1574 1161 1662">
     <span class='ocr_line' id='line_1_16' title="bbox 400 1574 1161 1662; baseline -0.001 -23"><span class='ocrx_word' id='word_1_45' title='bbox 400 1574 509 1639; x_wconf 89' lang='lat' dir='ltr'>Ad</span> <span class='ocrx_word' id='word_1_46' title='bbox 540 1587 747 1662; x_wconf 84' lang='lat' dir='ltr'>petras</span> <span class='ocrx_word' id='word_1_47' title='bbox 784 1575 1161 1639; x_wconf 82' lang='lat' dir='ltr'>exsiccatum</span> 
     </span>
    </p>

    <p class='ocr_par' dir='ltr' id='par_1_13' title="bbox 399 1671 2015 2061">
     <span class='ocr_line' id='line_1_17' title="bbox 401 1671 1996 1743; baseline 0.001 -2"><span class='ocrx_word' id='word_1_48' title='bbox 401 1674 597 1741; x_wconf 80' lang='lat' dir='ltr'>Hisce</span> <span class='ocrx_word' id='word_1_49' title='bbox 638 1674 1051 1739; x_wconf 85' lang='lat' dir='ltr'>adamantinis</span> <span class='ocrx_word' id='word_1_50' title='bbox 1095 1674 1296 1738; x_wconf 74' lang='lat' dir='ltr'>noxiS.</span> <span class='ocrx_word' id='word_1_51' title='bbox 1386 1673 1433 1736; x_wconf 80' lang='lat' dir='ltr'>i.</span> <span class='ocrx_word' id='word_1_52' title='bbox 1469 1696 1521 1737; x_wconf 87' lang='lat' dir='ltr'>e.</span> <span class='ocrx_word' id='word_1_53' title='bbox 1554 1671 1742 1738; x_wconf 82' lang='lat' dir='ltr'>clavis</span> <span class='ocrx_word' id='word_1_54' title='bbox 1781 1677 1996 1743; x_wconf 72' lang='lat' dir='ltr'>noxiis.</span> 
     </span>
     <span class='ocr_line' id='line_1_18' title="bbox 402 1771 2015 1862; baseline 0.002 -24"><span class='ocrx_word' id='word_1_55' title='bbox 402 1773 576 1839; x_wconf 90' lang='lat' dir='ltr'>Nam</span> <span class='ocrx_word' id='word_1_56' title='bbox 621 1774 766 1840; x_wconf 82' lang='lat' dir='ltr'>novi</span> <span class='ocrx_word' id='word_1_57' title='bbox 809 1773 1261 1862; x_wconf 85' lang='lat' dir='ltr'>gubernatores</span> <span class='ocrx_word' id='word_1_58' title='bbox 1301 1771 1594 1838; x_wconf 85' lang='lat' dir='ltr'>obtinent</span> <span class='ocrx_word' id='word_1_59' title='bbox 1637 1771 2015 1861; x_wconf 85' lang='lat' dir='ltr'><strong>Olympum,</strong></span> 
     </span>
     <span class='ocr_line' id='line_1_19' title="bbox 400 1871 1928 1962; baseline 0.001 -22"><span class='ocrx_word' id='word_1_60' title='bbox 400 1873 739 1962; x_wconf 82' lang='lat' dir='ltr'>Novisque</span> <span class='ocrx_word' id='word_1_61' title='bbox 780 1872 1023 1962; x_wconf 85' lang='lat' dir='ltr'>legibus</span> <span class='ocrx_word' id='word_1_62' title='bbox 1061 1871 1311 1960; x_wconf 72' lang='lat' dir='ltr'>Jupiter</span> <span class='ocrx_word' id='word_1_63' title='bbox 1353 1874 1574 1957; x_wconf 88' lang='lat' dir='ltr'>inique</span> <span class='ocrx_word' id='word_1_64' title='bbox 1617 1875 1928 1960; x_wconf 83' lang='lat' dir='ltr'>imperat:</span> 
     </span>
     <span class='ocr_line' id='line_1_20' title="bbox 399 1970 1611 2061; baseline -0.002 -20"><span class='ocrx_word' id='word_1_65' title='bbox 399 1974 567 2061; x_wconf 81' lang='lat' dir='ltr'>Quae</span> <span class='ocrx_word' id='word_1_66' title='bbox 596 1974 750 2039; x_wconf 89' lang='lat' dir='ltr'>olim</span> <span class='ocrx_word' id='word_1_67' title='bbox 789 1972 1041 2050; x_wconf 88' lang='lat' dir='ltr'>sancita,</span> <span class='ocrx_word' id='word_1_68' title='bbox 1090 1993 1259 2036; x_wconf 91' lang='lat' dir='ltr'>nunc</span> <span class='ocrx_word' id='word_1_69' title='bbox 1296 1970 1611 2038; x_wconf 86' lang='lat' dir='ltr'>obliterat.</span> 
     </span>
    </p>
   </div>
   <div class='ocr_carea' id='block_1_9' title="bbox 827 2125 1658 2196">
    <p class='ocr_par' dir='ltr' id='par_1_14' title="bbox 827 2125 1658 2196">
     <span class='ocr_line' id='line_1_21' title="bbox 827 2125 1658 2196; baseline 0.005 -6"><span class='ocrx_word' id='word_1_70' title='bbox 827 2125 1658 2196; x_wconf 88' lang='lat' dir='ltr'><strong>ANAPAESTI.</strong></span> 
     </span>
    </p>
   </div>
   <div class='ocr_carea' id='block_1_10' title="bbox 398 2255 2037 2942">
    <p class='ocr_par' dir='ltr' id='par_1_15' title="bbox 398 2255 2037 2745">
     <span class='ocr_line' id='line_1_22' title="bbox 398 2255 2004 2342; baseline 0.001 -21"><span class='ocrx_word' id='word_1_71' title='bbox 398 2256 595 2342; x_wconf 81' lang='lat' dir='ltr'>Quod</span> <span class='ocrx_word' id='word_1_72' title='bbox 631 2257 719 2320; x_wconf 88' lang='lat' dir='ltr'>si⁴</span> <span class='ocrx_word' id='word_1_73' title='bbox 749 2278 851 2320; x_wconf 91' lang='lat' dir='ltr'>me</span> <span class='ocrx_word' id='word_1_74' title='bbox 897 2255 1122 2320; x_wconf 89' lang='lat' dir='ltr'>subtus</span> <span class='ocrx_word' id='word_1_75' title='bbox 1164 2268 1411 2330; x_wconf 83' lang='lat' dir='ltr'>terram,</span> <span class='ocrx_word' id='word_1_76' title='bbox 1459 2266 1522 2318; x_wconf 88' lang='lat' dir='ltr'>et</span> <span class='ocrx_word' id='word_1_77' title='bbox 1557 2255 1717 2320; x_wconf 80' lang='lat' dir='ltr'>infra</span> <span class='ocrx_word' id='word_1_78' title='bbox 1762 2255 2004 2323; x_wconf 87' lang='lat' dir='ltr'>Orcum</span> 
     </span>
     <span class='ocr_line' id='line_1_23' title="bbox 404 2354 1905 2442; baseline -0.002 -20"><span class='ocrx_word' id='word_1_79' title='bbox 404 2356 767 2422; x_wconf 64' lang='lat' dir='ltr'>Defunctos</span> <span class='ocrx_word' id='word_1_80' title='bbox 798 2354 1223 2442; x_wconf 87' lang='lat' dir='ltr'>recipientem,</span> <span class='ocrx_word' id='word_1_81' title='bbox 1271 2355 1337 2417; x_wconf 91' lang='lat' dir='ltr'>in</span> <span class='ocrx_word' id='word_1_82' title='bbox 1375 2354 1905 2420; x_wconf 87' lang='lat' dir='ltr'>interminabilem</span> 
     </span>
     <span class='ocr_line' id='line_1_24' title="bbox 402 2454 2037 2550; baseline 0.001 -29"><span class='ocrx_word' id='word_1_83' title='bbox 402 2454 743 2521; x_wconf 87' lang='lat' dir='ltr'>Tartarum</span> <span class='ocrx_word' id='word_1_84' title='bbox 774 2454 1133 2550; x_wconf 78' lang='lat' dir='ltr'>demisisset,</span> <span class='ocrx_word' id='word_1_85' title='bbox 1182 2454 1450 2520; x_wconf 86' lang='lat' dir='ltr'>vinculis</span> <span class='ocrx_word' id='word_1_86' title='bbox 1493 2454 2037 2524; x_wconf 85' lang='lat' dir='ltr'>indissolubilibus</span> 
     </span>
     <span class='ocr_line' id='line_1_25' title="bbox 400 2555 1845 2643; baseline 0.001 -22"><span class='ocrx_word' id='word_1_87' title='bbox 400 2555 825 2623; x_wconf 88' lang='lat' dir='ltr'>Inclementer</span> <span class='ocrx_word' id='word_1_88' title='bbox 866 2555 1253 2643; x_wconf 77' lang='lat' dir='ltr'>applicitum,</span> <span class='ocrx_word' id='word_1_89' title='bbox 1305 2569 1374 2620; x_wconf 90' lang='lat' dir='ltr'>ut</span> <span class='ocrx_word' id='word_1_90' title='bbox 1417 2578 1628 2642; x_wconf 89' lang='lat' dir='ltr'>neque</span> <span class='ocrx_word' id='word_1_91' title='bbox 1672 2557 1845 2637; x_wconf 86' lang='lat' dir='ltr'>deus,</span> 
     </span>
     <span class='ocr_line' id='line_1_26' title="bbox 402 2654 1631 2745; baseline -0.002 -23"><span class='ocrx_word' id='word_1_92' title='bbox 402 2657 637 2744; x_wconf 87' lang='lat' dir='ltr'>Neque</span> <span class='ocrx_word' id='word_1_93' title='bbox 683 2658 824 2745; x_wconf 88' lang='lat' dir='ltr'>quis</span> <span class='ocrx_word' id='word_1_94' title='bbox 859 2656 1018 2720; x_wconf 85' lang='lat' dir='ltr'>alius</span> <span class='ocrx_word' id='word_1_95' title='bbox 1058 2655 1224 2720; x_wconf 83' lang='lat' dir='ltr'>hisce</span> <span class='ocrx_word' id='word_1_96' title='bbox 1269 2654 1631 2721; x_wconf 87' lang='lat' dir='ltr'>insultaret:</span> 
     </span>
    </p>

    <p class='ocr_par' dir='ltr' id='par_1_16' title="bbox 404 2754 1745 2942">
     <span class='ocr_line' id='line_1_27' title="bbox 404 2754 1745 2823; baseline 0.001 -2"><span class='ocrx_word' id='word_1_97' title='bbox 404 2756 604 2822; x_wconf 90' lang='lat' dir='ltr'>Nunc</span> <span class='ocrx_word' id='word_1_98' title='bbox 634 2779 783 2821; x_wconf 84' lang='lat' dir='ltr'>vero</span> <span class='ocrx_word' id='word_1_99' title='bbox 814 2755 997 2820; x_wconf 87' lang='lat' dir='ltr'>miser</span> <span class='ocrx_word' id='word_1_100' title='bbox 1038 2754 1320 2820; x_wconf 86' lang='lat' dir='ltr'>subdiale</span> <span class='ocrx_word' id='word_1_101' title='bbox 1358 2756 1745 2823; x_wconf 90' lang='lat' dir='ltr'>motaculum</span> 
     </span>
     <span class='ocr_line' id='line_1_28' title="bbox 404 2855 1406 2942; baseline -0.002 -22"><span class='ocrx_word' id='word_1_102' title='bbox 404 2855 697 2922; x_wconf 86' lang='lat' dir='ltr'>Sustineo</span> <span class='ocrx_word' id='word_1_103' title='bbox 732 2855 1003 2920; x_wconf 85' lang='lat' dir='ltr'>inimicis</span> <span class='ocrx_word' id='word_1_104' title='bbox 1039 2855 1190 2918; x_wconf 85' lang='lat' dir='ltr'>meis</span> <span class='ocrx_word' id='word_1_105' title='bbox 1220 2867 1406 2942; x_wconf 85' lang='lat' dir='ltr'>grata.</span> 
     </span>
    </p>
   </div>
   <div class='ocr_carea' id='block_1_11' title="bbox 834 3007 1676 3075">
    <p class='ocr_par' dir='ltr' id='par_1_17' title="bbox 834 3007 1676 3075">
     <span class='ocr_line' id='line_1_29' title="bbox 834 3007 1676 3075; baseline -0.004 0"><span class='ocrx_word' id='word_1_106' title='bbox 834 3007 1529 3075; x_wconf 85' lang='lat' dir='ltr'>STROPHE</span> <span class='ocrx_word' id='word_1_107' title='bbox 1617 3029 1676 3073; x_wconf 78' lang='lat'>2.</span> 
     </span>
    </p>
   </div>
   <div class='ocr_carea' id='block_1_12' title="bbox 402 3135 1531 3426">
    <p class='ocr_par' dir='ltr' id='par_1_18' title="bbox 402 3135 1531 3426">
     <span class='ocr_line' id='line_1_30' title="bbox 405 3135 1278 3225; baseline -0.007 -18"><span class='ocrx_word' id='word_1_108' title='bbox 405 3139 565 3225; x_wconf 81' lang='lat' dir='ltr'>Quis</span> <span class='ocrx_word' id='word_1_109' title='bbox 596 3151 688 3205; x_wconf 86' lang='lat' dir='ltr'>est</span> <span class='ocrx_word' id='word_1_110' title='bbox 716 3137 875 3203; x_wconf 88' lang='lat' dir='ltr'>adeo</span> <span class='ocrx_word' id='word_1_111' title='bbox 905 3137 1043 3201; x_wconf 90' lang='lat' dir='ltr'>duri</span> <span class='ocrx_word' id='word_1_112' title='bbox 1077 3135 1278 3201; x_wconf 87' lang='lat' dir='ltr'>cordis</span> 
     </span>
     <span class='ocr_line' id='line_1_31' title="bbox 406 3236 1531 3324; baseline -0.007 -17"><span class='ocrx_word' id='word_1_113' title='bbox 406 3242 715 3316; x_wconf 85' lang='lat' dir='ltr'>Deorum,</span> <span class='ocrx_word' id='word_1_114' title='bbox 762 3239 862 3304; x_wconf 89' lang='lat' dir='ltr'>cui</span> <span class='ocrx_word' id='word_1_115' title='bbox 893 3238 1026 3302; x_wconf 80' lang='lat' dir='ltr'>haec</span> <span class='ocrx_word' id='word_1_116' title='bbox 1059 3238 1178 3302; x_wconf 89' lang='lat' dir='ltr'>sint</span> <span class='ocrx_word' id='word_1_117' title='bbox 1201 3236 1531 3324; x_wconf 80' lang='lat' dir='ltr'>jucunda?</span> 
     </span>
     <span class='ocr_line' id='line_1_32' title="bbox 402 3336 1339 3426; baseline -0.007 -20"><span class='ocrx_word' id='word_1_118' title='bbox 402 3341 563 3426; x_wconf 80' lang='lat' dir='ltr'>Quis</span> <span class='ocrx_word' id='word_1_119' title='bbox 593 3361 726 3405; x_wconf 91' lang='lat' dir='ltr'>non</span> <span class='ocrx_word' id='word_1_120' title='bbox 757 3337 1134 3425; x_wconf 88' lang='lat' dir='ltr'>compatitur</span> <span class='ocrx_word' id='word_1_121' title='bbox 1161 3336 1339 3400; x_wconf 90' lang='lat' dir='ltr'>malis</span> 
     </span>
    </p>
   </div>
   <div class='ocr_carea' id='block_1_13' title="bbox 406 3433 2040 3723">
    <p class='ocr_par' dir='ltr' id='par_1_19' title="bbox 406 3433 2040 3723">
     <span class='ocr_line' id='line_1_33' title="bbox 406 3433 2040 3525; baseline -0.001 -20"><span class='ocrx_word' id='word_1_122' title='bbox 406 3438 590 3515; x_wconf 91' lang='lat' dir='ltr'>Tuis,</span> <span class='ocrx_word' id='word_1_123' title='bbox 640 3450 863 3525; x_wconf 84' lang='lat' dir='ltr'>praeter</span> <span class='ocrx_word' id='word_1_124' title='bbox 891 3433 1171 3500; x_wconf 81' lang='lat' dir='ltr'>Jovem?</span> <span class='ocrx_word' id='word_1_125' title='bbox 1220 3448 1282 3499; x_wconf 91' lang='lat' dir='ltr'>at</span> <span class='ocrx_word' id='word_1_126' title='bbox 1311 3435 1421 3500; x_wconf 92' lang='lat' dir='ltr'>ille</span> <span class='ocrx_word' id='word_1_127' title='bbox 1454 3448 1762 3525; x_wconf 86' lang='lat' dir='ltr'>perpetuo</span> <span class='ocrx_word' id='word_1_128' title='bbox 1792 3460 1922 3524; x_wconf 84' lang='lat' dir='ltr'>prae</span> <span class='ocrx_word' id='word_1_129' title='bbox 1952 3437 2040 3504; x_wconf 86' lang='lat' dir='ltr'>ira</span> 
     </span>
     <span class='ocr_line' id='line_1_34' title="bbox 407 3535 1494 3615; baseline -0.002 -12"><span class='ocrx_word' id='word_1_130' title='bbox 407 3537 730 3603; x_wconf 86' lang='lat' dir='ltr'>Animum</span> <span class='ocrx_word' id='word_1_131' title='bbox 760 3535 1173 3601; x_wconf 86' lang='lat' dir='ltr'>inflexibilem</span> <span class='ocrx_word' id='word_1_132' title='bbox 1205 3535 1494 3615; x_wconf 78' lang='lat' dir='ltr'>reddenS,</span> 
     </span>
     <span class='ocr_line' id='line_1_35' title="bbox 410 3635 1390 3723; baseline -0.001 -22"><span class='ocrx_word' id='word_1_133' title='bbox 410 3637 655 3702; x_wconf 87' lang='lat' dir='ltr'>Domat</span> <span class='ocrx_word' id='word_1_134' title='bbox 687 3635 1115 3702; x_wconf 88' lang='lat' dir='ltr'>coelicolarum</span> <span class='ocrx_word' id='word_1_135' title='bbox 1148 3659 1390 3723; x_wconf 84' lang='lat' dir='ltr'>genus:</span> 
     </span>
    </p>
   </div>
   <div class='ocr_carea' id='block_1_14' title="bbox 2321 349 2447 424">
    <p class='ocr_par' dir='ltr' id='par_1_20' title="bbox 2321 349 2447 424">
     <span class='ocr_line' id='line_1_36' title="bbox 2321 349 2447 424; baseline -0.016 -22"><span class='ocrx_word' id='word_1_136' title='bbox 2321 349 2447 424; x_wconf 83' lang='lat'>127</span> 
     </span>
    </p>
   </div>
   <div class='ocr_carea' id='block_1_15' title="bbox 2327 709 2453 775">
    <p class='ocr_par' dir='ltr' id='par_1_21' title="bbox 2327 709 2453 775">
     <span class='ocr_line' id='line_1_37' title="bbox 2327 709 2453 775; baseline 0 0"><span class='ocrx_word' id='word_1_137' title='bbox 2327 709 2453 775; x_wconf 76' lang='lat'>140</span> 
     </span>
    </p>
   </div>
   <div class='ocr_carea' id='block_1_16' title="bbox 2330 1404 2453 1470">
    <p class='ocr_par' dir='ltr' id='par_1_22' title="bbox 2330 1404 2453 1470">
     <span class='ocr_line' id='line_1_38' title="bbox 2330 1404 2453 1470; baseline -0.008 0"><span class='ocrx_word' id='word_1_138' title='bbox 2330 1404 2453 1470; x_wconf 82' lang='lat'>145</span> 
     </span>
    </p>
   </div>
   <div class='ocr_carea' id='block_1_17' title="bbox 2330 1899 2451 1964">
    <p class='ocr_par' dir='ltr' id='par_1_23' title="bbox 2330 1899 2451 1964">
     <span class='ocr_line' id='line_1_39' title="bbox 2330 1899 2451 1964; baseline 0.017 -20"><span class='ocrx_word' id='word_1_139' title='bbox 2330 1899 2451 1964; x_wconf 84' lang='lat'>¹50</span> 
     </span>
    </p>
   </div>
   <div class='ocr_carea' id='block_1_18' title="bbox 2332 2579 2450 2644">
    <p class='ocr_par' dir='ltr' id='par_1_24' title="bbox 2332 2579 2450 2644">
     <span class='ocr_line' id='line_1_40' title="bbox 2332 2579 2450 2644; baseline 0 0"><span class='ocrx_word' id='word_1_140' title='bbox 2332 2579 2450 2644; x_wconf 86' lang='lat'>155</span> 
     </span>
    </p>
   </div>
   <div class='ocr_carea' id='block_1_19' title="bbox 408 3736 2452 3826">
    <p class='ocr_par' dir='ltr' id='par_1_25' title="bbox 408 3736 2452 3826">
     <span class='ocr_line' id='line_1_41' title="bbox 408 3736 2452 3826; baseline 0 -24"><span class='ocrx_word' id='word_1_141' title='bbox 408 3738 648 3826; x_wconf 88' lang='lat' dir='ltr'>Neque</span> <span class='ocrx_word' id='word_1_142' title='bbox 682 3739 848 3825; x_wconf 85' lang='lat' dir='ltr'>prius</span> <span class='ocrx_word' id='word_1_143' title='bbox 879 3736 1118 3801; x_wconf 88' lang='lat' dir='ltr'>desinet</span> <span class='ocrx_word' id='word_1_144' title='bbox 1148 3737 1302 3820; x_wconf 88' lang='lat' dir='ltr'>quin</span> <span class='ocrx_word' id='word_1_145' title='bbox 1337 3747 1444 3800; x_wconf 86' lang='lat' dir='ltr'>aut</span> <span class='ocrx_word' id='word_1_146' title='bbox 1475 3737 1603 3824; x_wconf 86' lang='lat' dir='ltr'>ipse</span> <span class='ocrx_word' id='word_1_147' title='bbox 1635 3737 1860 3803; x_wconf 87' lang='lat' dir='ltr'>satiarit</span> <span class='ocrx_word' id='word_1_148' title='bbox 1888 3761 1996 3803; x_wconf 89' lang='lat' dir='ltr'>cor</span> <span class='ocrx_word' id='word_1_149' title='bbox 2025 3760 2233 3815; x_wconf 88' lang='lat' dir='ltr'>suum,</span> <span class='ocrx_word' id='word_1_150' title='bbox 2331 3740 2452 3824; x_wconf 84' lang='lat'>165</span> 
     </span>
    </p>
   </div>
   <div class='ocr_carea' id='block_1_20' title="bbox 415 3836 2280 3926">
    <p class='ocr_par' dir='ltr' id='par_1_26' title="bbox 415 3836 2280 3926">
     <span class='ocr_line' id='line_1_42' title="bbox 415 3836 2280 3926; baseline 0.001 -23"><span class='ocrx_word' id='word_1_151' title='bbox 415 3839 557 3905; x_wconf 88' lang='lat' dir='ltr'>Aut</span> <span class='ocrx_word' id='word_1_152' title='bbox 584 3839 730 3923; x_wconf 85' lang='lat' dir='ltr'>quis</span> <span class='ocrx_word' id='word_1_153' title='bbox 759 3849 887 3902; x_wconf 85' lang='lat' dir='ltr'>arte</span> <span class='ocrx_word' id='word_1_154' title='bbox 918 3836 1127 3922; x_wconf 90' lang='lat' dir='ltr'>aliqua</span> <span class='ocrx_word' id='word_1_155' title='bbox 1148 3839 1476 3923; x_wconf 86' lang='lat' dir='ltr'>occuparit</span> <span class='ocrx_word' id='word_1_156' title='bbox 1505 3838 1841 3926; x_wconf 85' lang='lat' dir='ltr'>imperium</span> <span class='ocrx_word' id='word_1_157' title='bbox 1865 3838 1984 3903; x_wconf 89' lang='lat' dir='ltr'>hoc</span> <span class='ocrx_word' id='word_1_158' title='bbox 2012 3837 2280 3905; x_wconf 88' lang='lat' dir='ltr'>obtentu</span> 
     </span>
    </p>
   </div>
   <div class='ocr_carea' id='block_1_21' title="bbox 573 3936 1679 4161">
    <p class='ocr_par' dir='ltr' id='par_1_27' title="bbox 573 3936 1679 4161">
     <span class='ocr_line' id='line_1_43' title="bbox 573 3936 849 4004; baseline -0.014 0"><span class='ocrx_word' id='word_1_159' title='bbox 573 3936 849 4004; x_wconf 88' lang='lat' dir='ltr'>difficile.</span> 
     </span>
     <span class='ocr_line' id='line_1_44' title="bbox 837 4093 1679 4161; baseline 0.004 -3"><span class='ocrx_word' id='word_1_160' title='bbox 837 4095 904 4158; x_wconf 91' lang='lat' dir='ltr'><strong>A</strong></span> <span class='ocrx_word' id='word_1_161' title='bbox 958 4093 1025 4158; x_wconf 96' lang='lat' dir='ltr'>N</span> <span class='ocrx_word' id='word_1_162' title='bbox 1075 4094 1140 4157; x_wconf 84' lang='lat' dir='ltr'>A</span> <span class='ocrx_word' id='word_1_163' title='bbox 1190 4093 1245 4158; x_wconf 92' lang='grc' dir='ltr'><em>Ρ</em></span> <span class='ocrx_word' id='word_1_164' title='bbox 1289 4093 1377 4158; x_wconf 88' lang='lat' dir='ltr'>AE</span> <span class='ocrx_word' id='word_1_165' title='bbox 1423 4095 1468 4160; x_wconf 93' lang='lat' dir='ltr'>S</span> <span class='ocrx_word' id='word_1_166' title='bbox 1516 4093 1579 4159; x_wconf 91' lang='lat' dir='ltr'>T</span> <span class='ocrx_word' id='word_1_167' title='bbox 1628 4095 1679 4161; x_wconf 90' lang='grc' dir='ltr'>Ι.</span> 
     </span>
    </p>
   </div>
   <div class='ocr_carea' id='block_1_22' title="bbox 414 4221 1852 4409">
    <p class='ocr_par' dir='ltr' id='par_1_28' title="bbox 414 4221 1852 4409">
     <span class='ocr_line' id='line_1_45' title="bbox 420 4221 1757 4308; baseline 0.002 -23"><span class='ocrx_word' id='word_1_168' title='bbox 420 4222 712 4288; x_wconf 65' lang='lat' dir='ltr'>Proiecto</span> <span class='ocrx_word' id='word_1_169' title='bbox 742 4244 846 4287; x_wconf 87' lang='lat' dir='ltr'>me</span> <span class='ocrx_word' id='word_1_170' title='bbox 878 4221 1103 4297; x_wconf 86' lang='lat' dir='ltr'>adhuc,</span> <span class='ocrx_word' id='word_1_171' title='bbox 1151 4221 1505 4308; x_wconf 87' lang='lat' dir='ltr'>quamlibet</span> <span class='ocrx_word' id='word_1_172' title='bbox 1531 4223 1757 4288; x_wconf 83' lang='lat' dir='ltr'>validis</span> 
     </span>
     <span class='ocr_line' id='line_1_46' title="bbox 414 4320 1852 4409; baseline 0.001 -23"><span class='ocrx_word' id='word_1_173' title='bbox 414 4320 609 4388; x_wconf 86' lang='lat' dir='ltr'>Hisce</span> <span class='ocrx_word' id='word_1_174' title='bbox 640 4320 1060 4409; x_wconf 87' lang='lat' dir='ltr'>compedibus</span> <span class='ocrx_word' id='word_1_175' title='bbox 1090 4322 1544 4387; x_wconf 87' lang='lat' dir='ltr'>contumeliose</span> <span class='ocrx_word' id='word_1_176' title='bbox 1573 4326 1852 4404; x_wconf 62' lang='lat' dir='ltr'>tractato,</span> 
     </span>
    </p>
   </div>
   <div class='ocr_carea' id='block_1_23' title="bbox 1006 4506 1536 4571">
    <p class='ocr_par' dir='ltr' id='par_1_29' title="bbox 1006 4506 1536 4571">
     <span class='ocr_line' id='line_1_47' title="bbox 1006 4506 1536 4571; baseline 0.008 -4"><span class='ocrx_word' id='word_1_177' title='bbox 1006 4513 1031 4548; x_wconf 86' lang='lat'>⁴</span> <span class='ocrx_word' id='word_1_178' title='bbox 1065 4507 1201 4569; x_wconf 77' lang='lat' dir='ltr'>MS.</span> <span class='ocrx_word' id='word_1_179' title='bbox 1282 4506 1536 4571; x_wconf 81' lang='lat' dir='ltr'>Utinam.</span> 
     </span>
    </p>
   </div>
  </div>
 </body>
</html>
