2909 4884
168 492 310 534 vULc.

166 589 275 634 ROB.

164 787 307 829 vute.

164 883 262 928 ROB.

169 1083 310 1125 VULC.

169 1179 282 1225 Ros.

169 1380 317 1424 VULC.

170 1476 275 1523 ROB.

179 2074 348 2122 PBGE!-

592 303 1990 378 PROMETH.·V1NCTUS.
2377 331 2495 396 125

454 465 733 532 Necesse
763 477 856 531 est
877 475 951 530 ut
968 464 1079 530 ista
1103 484 1420 551 peragam,
1466 484 1550 527 ne
1573 460 1762 526 nimis
1782 460 2069 550 imperes.

456 566 754 632 meesso
782 564 1136 653 imperabo,
1185 575 1249 629 et
1278 563 1540 650 insuper
1563 561 1963 627 acclamabo:

450 664 836 755 Degredere,
885 675 948 729 et
980 686 1160 729 crura
1190 661 1671 750 circumstringe
1704 660 1958 726 fortiter.

456 767 665 851 Atqui
689 766 1019 852 peractum
1043 777 1135 828 est
1157 763 1277 828 hoc
1307 785 1466 848 opus
1488 760 1660 826 haud
1682 783 1916 848 magno
1939 759 2173 826 labore.
2416 779 2454 846 7
2459 783 2500 849 5

448 864 711 929 Strenue
736 885 906 928 nunc
934 864 1215 950 impinge
1238 872 1638 947 penetrantes
1659 860 2018 946 compedes,

449 964 707 1051 Quippe
740 963 964 1026 horum
996 983 1219 1026 censor
1243 982 1516 1048 operum
1546 959 1746 1050 gravis
1777 971 1887 1025 est.

458 1062 698 1150 Lingua
724 1076 829 1127 tua
853 1061 1038 1151 garrit
1065 1060 1293 1128 similia
1324 1060 1544 1126 formae
1564 1072 1710 1126 tuae.

456 1162 561 1227 Tu
595 1162 1018 1235 malacissare;
1071 1160 1231 1225 hanc
1264 1182 1411 1224 vero
1444 1182 1656 1224 meam
1687 1159 2126 1246 pervicaciam,

449 1260 532 1327 Et
564 1262 761 1327 animi
793 1261 1187 1349 asperitatem
1222 1283 1302 1324 ne
1332 1258 1646 1348 impingas
1677 1260 1850 1324 mihi.
2416 1262 2501 1326 80

457 1360 920 1439 Discedamus²,
966 1361 1275 1445 quoniam
1308 1359 1596 1424 membra
1624 1360 1890 1426 irretitus
1920 1373 2034 1426 est.

446 1459 574 1525 Hic
610 1482 783 1525 nunc
817 1471 1103 1548 proterve
1136 1460 1376 1549 gestias,
1424 1472 1488 1524 et
1527 1461 1792 1525 deorum
1825 1462 1991 1526 dona

452 1558 723 1625 Fur-atus
752 1558 1034 1625 conferas
1063 1558 1462 1626 mortalibus.
1553 1559 1730 1644 Quid
1759 1559 1874 1625 tibi

454 1658 771 1723 Homines
801 1668 1065 1745 possunt
1093 1657 1175 1723 ab
1205 1657 1330 1724 istis
1363 1657 1685 1726 laboribus
1716 1660 2091 1727 detrahere?

454 1758 642 1824 Falso
671 1772 733 1824 te
764 1759 855 1823 dii
896 1757 1276 1823 Promethea
2419 1767 2506 1850 85

455 1857 728 1931 Vocant;
776 1869 847 1921 tu
876 1858 1048 1922 enim
1080 1858 1215 1943 ipse
1245 1879 1391 1944 eges
1425 1856 1809 1922 Prometheo
1839 1859 1945 1947 qui
1974 1869 2028 1924 te
2062 1860 2266 1927 doceat

457 1957 606 2042 Quo
636 1959 822 2044 pacto
852 1957 1153 2024 evolvaris
1183 1979 1261 2020 ex
1294 1956 1409 2020 ista
1442 1956 1709 2020 fortuna.

458 2057 520 2122 O
553 2058 749 2122 aether
779 2056 1020 2131 divine,
1069 2069 1131 2121 et
1159 2055 1345 2120 flatus
1375 2055 1688 2121 celeribus
1722 2056 1853 2132 alis,

457 2155 955 2243 Fluviorumque
988 2155 1214 2231 fontes,
1264 2156 1782 2242 marinorumque
1813 2156 2124 2225 fluctuum

458 2257 762 2344 Crispatio
792 2254 1290 2330 innumerabiliS,
1341 2268 1405 2319 et
1436 2270 1594 2320 terra
1626 2254 2053 2343 omniparens,
2415 2281 2506 2342 90

460 2355 696 2421 Invoco
726 2356 913 2421 etiam
948 2356 1104 2421 Solis
1135 2354 1360 2418 orbem
1391 2356 1678 2421 omnium
1710 2357 2148 2444 inspectorem.

462 2455 683 2521 Videte
710 2455 925 2543 qualia
951 2451 1084 2544 ipse
1113 2454 1268 2519 deus
1299 2478 1333 2519 a
1364 2455 1483 2520 diis
1515 2457 1739 2544 patior:

886 2649 1725 2719 ANAPAESTI.

464 2780 748 2868 Aspicite
779 2779 1074 2866 qualibus
1104 2778 1304 2867 plagis

465 2881 746 2956 Peresus,
793 2880 1147 2967 myriadum
1178 2901 1498 2946 annorum

467 2979 759 3067 Tempus
787 2979 1104 3044 tolerabo:
1152 2978 1348 3044 talem
1377 2980 1493 3045 iste
1527 2980 1795 3049 novitius
2423 3008 2511 3070 95

470 3077 761 3143 Deorum
792 3078 925 3143 dux
956 3078 1247 3144 adversus
1280 3103 1383 3144 me
1416 3083 1792 3171 excogitavit

465 3177 903 3264 Captivitatem
932 3178 1268 3243 immitem.

466 3279 620 3343 Heu
657 3278 802 3354 heu,
850 3290 914 3342 et
944 3290 1314 3365 praesentem
1343 3290 1408 3344 et
1434 3279 1719 3346 futuram

464 3380 909 3445 Calamitatem
940 3378 1326 3467 ingemisco:
1377 3381 1636 3464 quando
1663 3383 1924 3449 tandem
1953 3404 2378 3452 aerumnarum

472 3480 735 3546 istarum
767 3479 1064 3544 terminos
1091 3490 1339 3566 oportet
1366 3479 1636 3548 existere
1660 3483 1694 3546 ἶ)
2401 3505 2518 3552 100

1076 3673 1554 3741 IAMBI.

470 3807 851 3891 Quanquam
878 3805 1035 3890 qnid
1063 3803 1197 3869 haec
1221 3804 1413 3870 dico?
1462 3806 1675 3869 omnia
1707 3807 2005 3893 praecipio

471 3911 783 3972 Accurate
813 3927 954 3991 quae
986 3916 1131 3969 sunt
1161 3905 1393 3980 futura,
1443 3925 1561 3968 nec
1591 3902 1750 3967 mihi
1780 3904 2109 3991 inopinato

472 4005 727 4071 Malum
763 4006 967 4070 ullum
997 4003 1283 4068 eveniet:
1329 4014 1630 4067 caeterutn
1660 4002 2033 4072 destinatam
2062 4017 2309 4094 oportet

474 4105 801 4173 Facillime
835 4104 991 4169 ferre
1021 4114 1271 4180 sortem,
1315 4123 1582 4190 gnarum
1612 4102 1791 4189 quod

402 4219 441 4247 “
484 4206 887 4273 Necessitatis
918 4215 1009 4268 est
1038 4199 1539 4291 inexpugnabile
1571 4201 1777 4266 robur.
2404 4224 2519 4290 105

477 4306 588 4371 Sed
625 4327 830 4392 neque
860 4313 1086 4378 tacere,
1132 4323 1344 4390 neque
1376 4323 1510 4394 non
1541 4309 1744 4366 tacere
1776 4301 2089 4369 fortunam

1047 4481 1066 4506 ²
1104 4474 1233 4533 MS.
1315 4472 1654 4558 Migremxs.
