2909 4884
101 2485 264 2531 (ΗΟΙ.

106 3160 280 3210 PROH.

541 305 1225 390 PROMETH.
1316 321 1940 391 VINCTUS.·
2321 353 2430 416 151

388 473 463 542 ln
492 488 554 541 te
583 476 775 541 irruet
801 474 1208 540 inevitabilis:
1258 476 1538 563 primum
1568 478 1744 542 enim
1776 501 2055 567 asperam
2280 506 2439 568 1:15

392 573 640 662 Rupem
674 573 837 638 hanc
870 575 1102 639 tonitru
1131 587 1195 639 et
1225 575 1506 642 fulminis
1537 576 1788 643 flamma

386 673 568 739 Pater
596 673 931 761 diffringet,
979 686 1042 737 et
1070 673 1412 739 abscondet
1440 699 1666 764 corpus
1694 691 1900 756 tuum,

391 773 685 840 Petrosus
716 787 929 837 autem
960 773 1134 838 sinus
1167 790 1225 839 te
1257 776 1548 862 excipiet.

386 874 696 961 Et.longo
722 874 1027 958 temporis
1058 872 1398 940 defumstus
1427 874 1648 960 spatiO,

391 975 632 1040 Denuo
664 973 943 1062 prodibis
971 972 1032 1036 in
1070 972 1315 1047 lucem;
1361 974 1472 1038 sed
1502 973 1679 1039 Jovis
2288 999 2447 1044 102>

386 1075 667 1139 Volucer
694 1073 889 1147 canis,
924 1072 1131 1157 aquila
1164 1072 1353 1136 caedis
1384 1072 1582 1150 avida,
1615 1074 1891 1161 corporis

387 1175 726 1262 Rapaciter
758 1173 1178 1260 fragmentum
1210 1194 1518 1259 magnum
1547 1171 1929 1249 dilacerabit,

385 1274 677 1339 Conviva
707 1272 1102 1358 quotidianus
1135 1294 1262 1335 non
1293 1284 1550 1336 vocatus
1579 1272 1920 1338 adventans
1946 1297 1960 1338 :

383 1373 581 1438 Jecur
608 1394 778 1447 vero,
814 1372 1004 1459 dapes
1035 1370 1260 1458 nigraS,
1294 1370 1677 1458 epulabitur.

390 1472 631 1558 Neque
666 1469 850 1558 hujus
882 1492 1177 1535 aerumnae
1208 1470 1401 1535 finem
1433 1471 1708 1558 aliquem
1742 1475 2056 1561 expectes,
2290 1500 2447 1563 1025

386 1572 775 1660 Priusquam
798 1571 1065 1635 deorum
1086 1570 1311 1658 aliquis
1336 1594 1652 1637 successor
1672 1584 1928 1637 tuorum
1957 1574 2241 1641 laborum

386 1676 735 1762 Appareat,
783 1684 846 1736 et
873 1671 1029 1736 velit
1060 1671 1437 1736 descendere
1470 1672 1548 1736 ad
1583 1672 1752 1738 haud
1783 1673 2226 1741 illustrabilem

384 1775 653 1849 Orcum,
699 1787 760 1837 et
791 1771 871 1835 ad
899 1771 1229 1836 tenebrosa
1261 1770 1574 1857 profunda
1609 1772 1832 1836 tartari.

390 1874 493 1940 De
527 1872 626 1937 his
656 1870 980 1947 delibera;
1025 1871 1171 1958 quia
1203 1871 1306 1934 hic
1335 1893 1465 1933 non
1500 1885 1592 1935 est
1620 1872 1872 1937 fiffitius

387 1971 747 2038 Verborum
779 1984 1053 2044 ornatus,
1104 1969 1212 2034 sed
1242 1969 1401 2034 serio
1430 1972 1790 2040 enuntiatus
1816 1996 1834 2036 ;
2289 1998 2454 2062 1033

391 2071 569 2136 Nam
601 2068 855 2134 mentiri
886 2069 1115 2132 nescit⁵
1145 2091 1217 2132 os

386 2169 579 2246 Jovis,
628 2168 741 2235 sed
774 2167 1015 2256 perficit
1041 2190 1233 2233 omne
1264 2167 1556 2234 verbum.
1610 2167 1717 2233 Tu
1747 2192 1895 2235 vero

396 2270 656 2357 Dispice
679 2281 743 2333 et
764 2290 946 2343 cura3
983 2289 1196 2353 neque
1228 2268 1640 2356 pervicaciam
1675 2291 1951 2355 unquam

390 2367 729 2434 Existimes
764 2366 1089 2432 meliorem
1121 2368 1293 2433 bono
1322 2369 1608 2434 consilio.

394 2466 607 2532 Nobis
637 2465 901 2551 quidem
936 2465 1295 2532 Mercurius
1318 2467 1571 2532 videtur
1602 2489 1729 2535 non
1760 2472 2196 2560 intempestiva
2297 2497 2452 2563 1C35

394 2565 538 2632 Fari
564 2591 581 2642 ;
624 2565 809 2653 jubet
838 2567 1009 2630 enim
1040 2579 1100 2632 te
1132 2568 1479 2655 pervicacia

396 2665 718 2755 Deposita,
766 2664 1142 2752 investigare
1173 2667 1421 2753 sapiens
1451 2669 1811 2734 consilium.

336 2811 354 2838 ,
393 2763 809 2850 Obtempera,
854 2776 1037 2852 turpe
1069 2777 1163 2829 est
1191 2766 1365 2831 enim
1395 2769 1665 2855 sapienti
1697 2771 1762 2834 in
1799 2784 2050 2858 peccato

557 2866 905 2954 persistere.

833 3017 1672 3090 ANAPAESTI.

396 3147 633 3214 Scienti
666 3146 824 3213 mihi
854 3147 988 3214 haec
1021 3151 1317 3216 mandata
2445 3227 2456 3234 ,

397 3245 522 3312 Iste
554 3247 865 3335 exposuit,
914 3248 1023 3312 sed
1056 3250 1219 3315 male
1251 3255 1496 3318 tractari
2303 3281 2457 3350 104&

393 3347 669 3413 Hostem
702 3347 781 3412 ab
814 3348 1115 3425 hostibus,
1166 3351 1320 3416 nihil
1349 3367 1440 3418 est
1471 3354 1739 3421 absurdi.

394 3445 612 3524 Porro,
658 3447 724 3511 in
757 3470 861 3512 me
892 3449 1257 3537 projiciatur

392 3545 566 3637 Ignis
596 3569 827 3636 anceps
853 3549 1248 3636 capillitium,
1298 3549 1494 3617 aether
1523 3577 1673 3621 vero

393 3648 811 3714 Concutiatur
842 3651 1104 3726 tonitru,
1152 3663 1213 3714 et
1242 3650 1503 3717 turbine

390 3743 774 3813 Furentium
795 3760 1152 3826 ventorum,
1199 3762 1427 3816 terram
1461 3766 1671 3821 autem
1702 3780 1780 3824 ex
1815 3759 2017 3826 fundo
2297 3785 2457 3856 1045·

390 3847 568 3913 Cum
600 3847 920 3913 radicibus
950 3847 1286 3914 labefactet
1314 3863 1561 3930 ventus,

396 3942 708 4011 Fluctum
737 3968 887 4010 vero
917 3948 1104 4012 maris
1134 3945 1447 4015 horrendo
1477 3952 1748 4040 impetu,

400 4045 869 4133 Astrorumque
899 4045 1255 4111 coelestium

395 4144 634 4211 Cursus
663 4145 1084 4223 commisceat,
1127 4160 1318 4233 atque
1349 4148 1418 4213 in
1450 4161 1657 4219 atrum

399 4240 740 4309 Tartarum
770 4245 1023 4331 penitus
1053 4248 1340 4336 projiciat
1368 4271 1599 4339 corpus
2303 4287 2465 4352 1050

398 4339 655 4422 Meum,
699 4346 1080 4414 necessitatis
1110 4347 1324 4436 rigidis
1353 4352 1754 4427 turbinibus:

1026 4520 1046 4555 ³
1086 4517 1213 4578 MS.
1294 4520 1538 4595 Nequit.
