2909 4884
51 1759 93 1830 ll
153 1783 328 1833 raon.

576 326 1974 402 PROMETH.-V1NCTUS.
2357 362 2483 431 135

429 487 655 554 Alium
683 485 953 574 quidem
981 483 1189 554 solum
1215 484 1487 552 deorum
1518 496 1703 554 antea
1729 487 1796 552 in
1820 486 2146 556 laboribus
2351 519 2485 584 425

433 588 772 655 Domitum
814 586 1233 654 adamantinis

428 687 837 776 Corruptelis,
885 685 1190 752 Titanem
1215 685 1347 752 vidi

429 789 787 865 Atlantem,
830 787 951 874 qui
978 809 1229 873 semper
1254 785 1738 874 supereminens
1760 787 1955 856 robur

435 886 725 954 Firmum
755 897 819 954 et
845 887 1168 953 coelestem
1192 887 1415 974 polum

432 985 737 1052 Humeris
759 987 1176 1076 ingemiscens
1204 987 1513 1064 sustinet;
1559 988 1765 1077 mugit
1792 1011 1942 1054 vero
1970 993 2252 1061 marinus

595 1084 825 1151 fluRus
2361 1113 2491 1183 430

429 1183 726 1260 Collisus‚
775 1187 1039 1272 suspirat
1069 1184 1324 1263 fundus,

436 1283 523 1350 Et
550 1297 685 1351 ater
712 1284 866 1350 Orci
895 1303 1167 1351 secessus
1198 1284 1411 1352 fremit

435 1385 682 1451 Subtus
713 1396 963 1462 terram,
1010 1385 1343 1471 fontesque
1373 1385 1717 1453 fluviorum
1749 1385 2163 1475 limpidorum

442 1485 800 1574 Deplorant
829 1487 1115 1553 dolorem
1145 1484 1596 1551 miserabilem.

1048 1641 1531 1709 ΙΑΜΒΙ.

444 1768 878 1858 Nequaquam
908 1768 1249 1835 existimate
1282 1769 1444 1834 fastu
1475 1782 1585 1835 aut
1614 1777 1963 1860 arrogantia
2365 1807 2495 1874 435

433 1867 555 1934 Me
587 1882 831 1946 tacere3
878 1870 985 1934 sed
1017 1869 1391 1958 cogitatione
1422 1870 1743 1935 mordetur
1768 1875 2039 1956 animuS,

445 1969 627 2035 Dum
658 1970 973 2057 meipsum
1003 1970 1254 2034 intueor
1282 1969 1366 2033 ita
1396 1968 1675 2034 ludibrio
1704 1986 2066 2061 exceptum.

439 2069 651 2156 Atqui
678 2068 812 2134 istis
842 2069 1021 2133 novis
1051 2068 1167 2134 diis
1198 2091 1459 2133 munera

440 2168 605 2254 Quis
636 2168 820 2246 alius,
867 2191 1064 2256 quam
1092 2190 1234 2256 egn,
1280 2168 1624 2233 universim
1654 2170 1969 2238 distribuit
1991 2176 2026 2240 Ρ

441 2269 569 2334 Sed
596 2291 673 2334 ea
704 2281 877 2333 taceo
903 2293 917 2332 :
969 2268 1205 2333 etenim
1235 2266 1584 2332 scientibus
1616 2267 1728 2332 illa
2364 2300 2495 2367 442

440 2368 640 2434 Vobis
670 2368 966 2433 dicerem.
1058 2367 1387 2432 Caeterum
1420 2366 1752 2434 hominum
1782 2369 2183 2442 incommoda

443 2468 711 2545 Audite,
758 2480 830 2533 ut
858 2469 1021 2555 ipsos
1056 2467 1245 2532 rudes
1276 2466 1445 2554 prius
1476 2467 1829 2547 existentes,

445 2568 878 2658 Intelligentes
907 2567 1101 2642 effeci,
1146 2581 1209 2631 et
1237 2579 1452 2631 mente
1484 2568 1794 2654 praeditos.
2043 2635 2046 2638 ,

446 2671 684 2736 Dicam
713 2692 882 2746 vero,
930 2667 1177 2734 nullam
1211 2667 1760 2752 reprehensionem
1795 2669 1862 2734 in
1909 2669 2196 2739 homines

613 2767 877 2844 habens,

441 2867 560 2933 Sed
590 2868 655 2933 in
688 2867 758 2932 iis
788 2888 932 2952 quae
962 2865 1110 2931 dedi
1141 2865 1652 2933 benevolentiam
1672 2890 2209 2938 commemorans:
2370 2898 2500 2963 445

450 2965 582 3051 Qui
614 2966 900 3053 primum
931 2966 1191 3051 quidem
1221 2966 1524 3044 videntes,
1560 2967 1780 3033 frustra
1809 2969 2128 3051 videbant,

448 3069 815 3134 Audientes
846 3089 976 3132 non
1009 3066 1387 3132 audiebant:
1436 3067 1545 3132 sed
1576 3069 1970 3134 somniorum

450 3166 847 3256 Imaginibus
878 3166 1112 3231 similes
1145 3166 1337 3254 longo
1366 3179 1651 3254 tempore

447 3267 689 3333 Omnia
719 3279 953 3330 temere
985 3263 1525 3341 commiscebant;
1575 3286 1785 3350 neque
1816 3264 2107 3332 lateritias

453 3366 700 3431 Domos
730 3364 1045 3430 subdiales
1075 3364 1379 3440 sciebant,
1429 3387 1546 3429 nec
1578 3387 1834 3452 operam
1863 3366 2201 3454 tignoriam
2228 3394 2246 3435 :
2375 3394 2507 3459 450

447 3467 575 3532 Sed
606 3464 994 3531 subterranei
1023 3463 1413 3539 habitabant,
1459 3463 1633 3528 velut
1662 3486 1910 3550 rapaces

452 3567 762 3632 Formicae
795 3566 863 3630 in
896 3563 1241 3630 secessibus
1270 3575 1595 3628 antrorum
1625 3562 1862 3649 opacis.

454 3667 538 3731 Et
571 3663 827 3730 nullum
858 3676 989 3728 erat
1018 3663 1109 3726 eis
1138 3684 1347 3749 neque
1380 3661 1601 3726 hiemis
1631 3664 1909 3750 signum,

456 3764 695 3851 Neque
725 3763 929 3828 floridi
960 3761 1141 3838 veris,
1192 3784 1399 3848 neque
1431 3761 1747 3849 frugiferae

452 3864 707 3930 AEstatis
735 3877 974 3928 certum
1005 3886 1019 3925 ε
1069 3861 1177 3926 sed
1210 3862 1346 3926 sine
1379 3861 1613 3925 ratione
1643 3859 1862 3925 omnia
2381 3887 2509 3953 455

451 3965 777 4054 Agebanu
825 3962 1027 4026 donec
1058 3983 1178 4050 ego
1210 3961 1357 4047 ipsis
1384 3973 1555 4024 ortus

455 4064 797 4129 Astrorum
828 4061 1123 4138 indicavi,
1170 4072 1233 4125 et
1264 4059 2167 4147 occasusjudicatu-difficiles.

452 4165 561 4230 Ad
591 4164 725 4229 haec
756 4184 1099 4228 numerum
1126 4163 1171 4226 ι’.
1197 4184 1249 4225 e.
1281 4159 1750 4236 Arithmeticam,
1776 4160 2002 4224 artium
2026 4173 2321 4248 praestan-

613 4262 919 4328 tissimam

458 4361 564 4428 Eis
595 4362 840 4438 inveni,
888 4360 1328 4447 literarumque
1357 4360 1808 4437 connexioneS,

456 4461 539 4529 Et
560 4462 929 4532 memoriam
952 4462 1239 4528 omnium
1262 4459 1640 4528 effectricem
1663 4458 1999 4527 Musarum
2020 4470 2319 4526 matrem:
2386 4465 2517 4547 460
