2909 4884
165 4352 331 4412 CBOR·

624 309 1312 387 PROMETH.
1402 314 2017 385 VINCTUs.
2397 338 2520 402 129

457 472 942 542 Annitebantur
970 494 1052 537 ne
1080 469 1333 560 Jupiter
1363 492 1650 558 unquam
1679 470 1804 537 diis
1832 470 2210 559 imperaret3

454 572 557 639 Ibi
590 596 712 662 ego
740 572 981 660 optime
1013 571 1372 648 consulens,
1421 593 1788 659 permovere

458 671 749 745 Titanas,
799 671 971 737 Coeli
1004 684 1067 735 et
1102 671 1323 736 Terrae
1346 670 1527 748 filios,
2391 691 2516 757 205

458 770 613 840 Non
647 771 865 860 potui:
914 771 1025 836 sed
1056 769 1145 835 illi
1175 769 1439 835 blandas
1472 769 1742 834 rationes

458 869 881 961 Negligentes
912 893 992 936 ex
1024 869 1147 936 suis
1175 869 1668 935 vehementibus
1700 865 2041 955 spiritibus,

452 970 792 1048 Putabam,
825 971 959 1036 sine
992 970 1262 1059 negotio,
1311 992 1424 1056 per
1452 969 1585 1034 vim
1617 991 1683 1033 se
1713 968 2166 1035 dominaturos.

453 1072 576 1138 Sed
611 1072 770 1137 mihi
803 1083 1018 1147 mater,
1056 1094 1183 1135 non
1216 1068 1411 1135 semel
1440 1080 1692 1134 tantum
1728 1066 2019 1145 Themis,

451 1170 619 1255 Quae
648 1181 713 1235 et
744 1169 968 1244 Terra,
1003 1168 1350 1234 multarum
1380 1167 1877 1255 appellationum
1912 1189 2036 1232 una
2067 1164 2290 1245 forma,
2391 1188 2516 1235 210

449 1270 542 1337 Ut
574 1292 669 1335 nes
702 1283 1010 1334 eventura
1042 1281 1202 1334 esset
1232 1268 1642 1356 praedixerat:

454 1367 651 1454 Quod
685 1390 813 1432 non
848 1390 962 1454 per
988 1368 1139 1443 vim,
1188 1389 1396 1452 neque
1427 1389 1576 1430 cum
1609 1368 1912 1454 potentia,

456 1471 584 1536 Sed
604 1468 755 1535 dolo
773 1480 1089 1557 oporteret
1108 1490 1214 1533 eos
1238 1470 1487 1531 vincere
1507 1469 1618 1552 qui
1641 1490 1848 1532 rerum
1869 1479 2074 1534 essent
2092 1465 2370 1555 potituri.

454 1571 644 1637 Talia
678 1594 779 1635 me
810 1570 1021 1642 verbis
1051 1581 1500 1657 exponentem,

454 1670 613 1737 Non
646 1671 1070 1759 dignabantur
1096 1691 1350 1758 prorsus
1379 1668 1485 1734 vel
1526 1667 1866 1755 adspicere.
2386 1686 2511 1751 215

455 1771 613 1838 Ideo
636 1772 791 1836 mihi
814 1785 957 1836 tum
975 1772 1041 1835 in
1065 1769 1351 1858 praesenti
1377 1791 1586 1835 rerum
1609 1779 1770 1832 statu
1790 1767 2325 1834 consultissimum

449 1873 801 1940 Videbatur
831 1895 988 1946 esse,
1036 1883 1108 1936 ut
1137 1881 1457 1956 assumpta
1486 1880 1707 1946 matre,

456 1973 698 2060 Sponte
728 1971 1016 2060 cupienti
1044 1968 1189 2035 Jovi
1222 1968 1604 2034 adsisterem.

463 2073 691 2160 Atque
723 2073 807 2136 ita
838 2071 995 2135 meis
1026 2069 1325 2144 consiliis,
1363 2066 1611 2132 Tartari
1639 2067 1823 2133 valde
1855 2065 2185 2155 profundae

460 2170 749 2237 Latebrae
776 2170 1097 2237 occultant
1122 2168 1470 2235 Saturnum
1500 2169 1860 2253 antiquum,
2387 2185 2514 2234 220

446 2269 598 2336 Una
628 2293 776 2335 cum
804 2268 1229 2335 auxiliaribus.
1300 2264 1574 2331 Talibus
1604 2289 1640 2330 a
1669 2288 1773 2330 me

454 2367 799 2434 Beneficiis
830 2367 1087 2433 affectus
1116 2366 1226 2433 ille
1256 2366 1520 2432 deorum
1551 2387 1682 2442 rex,

456 2467 773 2533 Gravibus
808 2467 979 2532 hisce
1010 2467 1216 2553 poenis
1247 2488 1351 2530 me
1389 2467 1833 2530 remuneravit.

363 2610 408 2640 „
455 2563 631 2631 Nam
659 2566 821 2631 inest
849 2565 1323 2653 quodammodo
1352 2564 1806 2652 imperantibus

357 2707 405 2740 ,‚
452 2664 577 2732 Hic
610 2666 892 2744 morbus,
941 2681 1011 2732 ut
1040 2690 1170 2732 non
1202 2665 1396 2730 fidem
1428 2663 1730 2730 habeant⁵
1761 2664 1994 2730 amicis.
2381 2683 2509 2749 225

454 2764 773 2832 Caeterum
802 2767 976 2852 quod
1005 2766 1391 2854 interrogatis
1424 2788 1552 2852 qua
1586 2765 1666 2830 de
1696 2786 1882 2830 causa

456 2861 573 2929 Me
604 2866 864 2945 cruciat,
912 2864 1031 2930 hoc
1054 2867 1186 2953 jam
1226 2887 1563 2952 exponam.

458 2963 955 3052 Quamprimum
984 2965 1049 3030 in
1082 2979 1342 3051 paterno
1372 2964 1533 3029 solio

454 3062 777 3142 Consedit,
825 3065 1030 3130 statim
1061 3064 1180 3129 diis
1210 3063 1530 3129 distribuit
1557 3062 1822 3151 proemia

461 3161 610 3226 Alia
644 3163 804 3240 aliis,
854 3177 918 3229 et
944 3165 1028 3229 ita
1058 3163 1412 3230 stabiliebat
2383 3181 2508 3248 230

456 3256 925 3349 Principatum:
974 3263 1348 3329 miserorum
1378 3274 1590 3327 autem
1621 3262 1979 3328 mortalium
2010 3263 2318 3329 rationem

457 3358 612 3424 Non
644 3359 921 3427 habebat
952 3362 1174 3439 ullam,
1222 3363 1330 3428 sed
1362 3363 1572 3428 deleto
1602 3363 1720 3427 isto
1750 3384 1984 3451 genere

454 3451 786 3535 UniversO,
833 3459 1087 3526 volebat
1115 3460 1287 3526 aliud
1319 3484 1562 3526 novum
1593 3462 1957 3549 producere.

453 3555 678 3641 Atque
708 3555 804 3622 his
834 3572 1057 3645 praeter
1088 3582 1190 3625 me
1222 3560 1539 3625 resistebat
1569 3583 1775 3626 nemo.

457 3649 601 3740 Ipse
632 3677 784 3719 vero
815 3656 1019 3723 audax
1049 3657 1306 3724 liberavi
1336 3658 1621 3726 homines
2377 3683 2501 3748 235

450 3752 555 3818 Ne
587 3755 844 3820 extincti
875 3757 955 3822 ad
989 3757 1232 3823 Inferos
1262 3758 1734 3825 descenderent.

456 3849 637 3918 Hinc
668 3854 896 3922 talibus
927 3856 1380 3923 calamitatibus
1410 3880 1682 3945 premor,

450 3947 531 4015 Et
553 3951 818 4018 toleratu
852 3955 1151 4033 tristibus,
1182 3968 1246 4022 et
1272 3957 1409 4022 visu
1441 3957 1922 4025 miserabilibus.

454 4048 813 4118 Hominum
845 4067 1059 4119 autem
1092 4055 1398 4131 misertus,
1427 4049 1913 4122 misericordiam
1935 4059 2180 4147 assequi

450 4149 607 4218 Non
637 4175 783 4218 sum
817 4153 1045 4243 dignus
1075 4153 1350 4230 habitus,
1396 4153 1506 4220 sed
1538 4153 1877 4221 crudeliter
2376 4176 2501 4242 240

450 4247 541 4316 lta
572 4254 988 4319 concinnatus
1019 4276 1184 4328 sum,
1210 4250 1355 4318 Jovi
1386 4252 1822 4341 spectaculum
1852 4252 2209 4343 inglorium.

454 4349 573 4419 Ille
603 4353 807 4420 ferreo
838 4367 929 4422 est
958 4354 1171 4421 animo
1200 4367 1263 4418 et
1291 4375 1373 4418 ex
1408 4362 1585 4441 petra
1615 4352 1818 4418 fastus

882 4499 893 4506 ’
990 4533 1009 4567 ·
1047 4526 1176 4587 MS.
1256 4523 1609 4683 Nonsfidm.
