2909 4884
360 336 485 402 ιφ

373 796 596 841 PROM.

373 898 590 942 CHOR·

378 998 593 1041 PROM.

379 1097 590 1142 cHoR.

382 1195 605 1240 PROM-

376 1297 584 1341 CHOR.

385 1394 607 1439 PRCM.

381 1494 592 1537 CHOR.

384 1592 607 1637 PROM-

383 1690 599 1737 CHOR·

393 1986 615 2034 PROM-

396 2085 606 2133 (ΗΘΚ.

405 2587 593 2636 PROM

431 4173 634 4226 (ΗΘΚ.

859 304 1550 378 PROMETH.
1640 298 2263 373 VINCTUS.

717 466 1130 544 Prometheu,
1176 463 1288 552 qui
1318 465 1444 529 tuis
1476 484 1607 528 non
1639 459 1939 527 condolet

711 567 1079 635 AErumnis:
1125 566 1367 632 etenim
1397 574 1461 629 et
1491 563 1625 628 haec
1656 585 1787 627 non
1817 559 2126 649 aspexisse
2153 577 2484 646 cuperem,

720 670 808 736 Et
837 681 1172 758 postquam
1202 665 1412 755 aspexi
1438 663 1629 728 corde
1661 662 2048 728 constristata
2076 680 2238 723 sum.

719 771 971 837 Amicis
1000 769 1255 856 quidem
1288 787 1428 832 sum
1458 786 1579 852 ego
1611 760 1984 828 miserabilis
2014 759 2292 846 aspectu.

723 871 1039 960 Nunquid
1070 869 1259 935 etiam
1291 865 1454 931 ultra
1485 863 1619 929 haec
1648 881 2009 950 progressus
2038 879 2106 923 es
2127 857 2162 921 Ρ

717 970 1028 1061 Impedivi
1052 969 1339 1034 homines
1363 987 1444 1030 ne
1478 964 1601 1029 fata
1631 962 2073 1052 prospicerent.

727 1072 876 1159 Quo
904 1070 1162 1135 invento
1194 1067 1384 1154 liujus
1412 1063 1620 1130 morbi
1651 1060 1927 1129 remedio
1945 1060 1983 1122 P

724 1172 873 1258 Spes
904 1192 1096 1237 caecas
1125 1169 1188 1233 in
1222 1167 1371 1255 ipsis
1399 1164 1724 1229 collocavi.

715 1270 1040 1362 Magnum
1071 1270 1189 1334 hoc
1220 1264 1633 1331 commodum
1661 1284 1794 1351 quo
1823 1258 2116 1326 mortales
2146 1255 2410 1323 donasti.

725 1370 838 1436 Ad
864 1372 999 1436 haec
1030 1392 1149 1458 ego
1180 1367 1324 1455 ipsis
1355 1366 1571 1454 ignem
1600 1361 1883 1428 exhibui.

728 1470 929 1536 Nunc
960 1492 1111 1558 ergo
1140 1469 1354 1556 ignem
1386 1465 1758 1530 flammeum
1788 1462 2032 1528 habent
2059 1457 2404 1525 mortales?

730 1570 797 1635 A
829 1593 963 1656 quo
988 1568 1247 1655 quidem
1278 1566 1509 1633 multas
1538 1564 1816 1630 ediscent
1844 1575 2027 1629 artes.

735 1668 922 1735 Talia
952 1671 1141 1759 igitur
1169 1667 1255 1733 ob
1288 1665 1518 1731 delicta
1549 1676 1611 1730 te
1639 1662 1893 1753 Jupiter

728 1768 1002 1846 Cruciat,
1050 1790 1168 1833 nec
1199 1768 1544 1855 quicquam
1573 1764 1654 1831 de
1685 1765 1867 1831 malis
1898 1763 2063 1831 laxat
2082 1765 2118 1830 Ρ

735 1867 970 1953 Neque
1002 1868 1189 1957 hujus
1219 1867 1546 1932 confliRus
1574 1865 1689 1930 tibi
1716 1865 2067 1954 propositus
2089 1864 2393 1931 terminus
2420 1862 2459 1928 Ρ

737 1966 978 2034 Nullus
1008 1967 1188 2045 alius,
1224 1967 1340 2032 nisi
1370 1965 1628 2052 quando
1658 1966 1774 2052 ipsi
1797 1963 2135 2031 videbitur.

743 2065 869 2131 Sed
901 2066 1226 2155 quomodo
1256 2065 1619 2132 videbitur?
1666 2088 1812 2152 quae
1840 2066 2030 2154 spes?
2078 2087 2208 2131 non
2239 2064 2444 2129 cernis
2472 2075 2543 2131 te

741 2165 1149 2254 Deliquisse?
1216 2165 1542 2252 quomodo
1600 2177 1813 2232 autem
1857 2165 2215 2253 deliqueris,
2260 2185 2469 2252 neque
2521 2163 2680 2231 mihi

903 2267 1115 2333 dicere
2671 2262 2787 2330 260

738 2366 989 2455 Volupe
1021 2379 1133 2442 est,
1167 2376 1230 2431 et
1259 2365 1371 2432 tibi
1402 2365 1613 2431 triste:
1662 2365 1772 2431 sed
1800 2364 1938 2432 haec

740 2465 942 2535 Missa
974 2470 1273 2534 faciamus
1299 2493 1313 2532 :
1364 2478 1430 2531 tu
1462 2490 1613 2532 vero
1642 2467 1939 2533 laborum
1968 2487 2183 2552 quaere
2213 2463 2626 2533 solutionem.

2652 673 2773 740 245

2661 1172 2778 1238 250

2667 1674 2782 1739 255

665 2615 711 2646 ‚‚
745 2566 958 2633 Facile
988 2581 1085 2633 est
1114 2569 1161 2632 si
1192 2568 1331 2656 quis
1361 2579 1536 2632 extra
1565 2567 1731 2632 mala
1761 2567 1996 2655 pedem

666 2716 711 2747 ‚‚
752 2668 1033 2747 Habeat,
1078 2691 1338 2733 monere
1368 2678 1431 2732 et
1463 2669 1766 2732 instruere
1795 2667 1961 2732 male

672 2814 720 2847 ‚‚
760 2765 1111 2832 Habentes.
1193 2766 1335 2855 Ego
1363 2790 1513 2833 vero
1542 2767 1816 2833 sciebam
1847 2767 1980 2831 haec
2009 2766 2246 2835 omnia.

748 2865 989 2953 Sponte
1019 2877 1244 2962 sponte
1276 2867 1538 2952 deliqui,
1589 2890 1716 2933 non
1749 2866 2109 2933 inficiabor:

747 2964 875 3031 Sed
903 2967 1275 3054 opitulando
1304 2967 1695 3046 hominibus,
1741 2968 1877 3054 ipse
1907 2969 2125 3032 nactus
2154 2988 2296 3033 sum
2327 2966 2517 3034 mala.

752 3064 908 3131 Non
939 3079 1152 3133 tamen
1184 3068 1487 3156 putabam
1517 3091 1622 3133 me
1653 3068 1860 3157 poenis
1885 3065 2121 3133 talibus

749 3165 1154 3232 Maceratum
1182 3168 1255 3233 iri
1284 3168 1365 3234 ad
1397 3180 1601 3257 petras
1631 3168 1843 3243 editas,

754 3265 1061 3330 Sortitum
1095 3287 1313 3354 rupem
1345 3266 1508 3332 hanc
1539 3268 1848 3332 desertam
1880 3276 1944 3331 et
1971 3265 2329 3332 solitariam.

753 3364 839 3430 Et
865 3388 976 3430 vos
1005 3366 1266 3452 quidem
1297 3366 1622 3455 praesentia
1652 3365 1816 3430 mala
1846 3388 1928 3430 ne
1958 3363 2113 3430 mihi
2141 3363 2458 3431 defleatis:

751 3463 995 3528 Verum
1022 3464 1474 3530 descendentes
1504 3466 1570 3530 in
1598 3475 1828 3529 terram
1856 3475 2088 3530 sortem
2117 3466 2565 3532 adventantem

756 3563 1088 3651 Percipite,
1134 3576 1205 3629 ut
1233 3564 1510 3652 perfecie
1540 3577 1746 3629 totum
1774 3564 2178 3652 cognoscatis.

754 3662 1208 3747 Obsequimini
1238 3663 1392 3728 mihi
1419 3664 1867 3752 obsequimini,
1914 3665 2348 3754 compatimini

674 3811 719 3842 ‚,
760 3759 909 3826 Jarn
938 3761 1270 3828 laboranti.
1365 3761 1545 3827 Nam
1573 3763 1659 3828 ita
1689 3786 2012 3851 pererrans

676 3912 720 3943 „
764 3862 1192 3928 Infortunium
1220 3862 1367 3927 alias
1395 3863 1571 3929 alteri
1598 3864 1860 3929 assidet.

1183 4017 1250 4083 A
1300 4017 1370 4083 N
1396 4017 1486 4086 ,Α
1532 4015 1588 4083 Ρ
1625 4015 1717 4081 AE
1761 4016 1806 4081 S
1853 4014 1918 4081 T
1963 4014 2021 4084 Ι.

773 4147 930 4214 Non
963 4146 1171 4212 invitis
1198 4146 1403 4213 dixisti

768 4247 920 4314 Hoc
951 4246 1359 4312 Prometheu.

766 4345 853 4412 Et
882 4367 1054 4410 nunc
1083 4344 1246 4432 pede
1277 4343 1443 4409 facili
1476 4342 2099 4410 celeriter-mobilem

771 4446 1007 4513 Sedem
1036 4446 1425 4533 relinquenS,
1472 4466 1806 4532 aeremque
1837 4466 2074 4533 purum

2677 2772 2792 2853 265

2682 3283 2793 3348 270

2683 3782 2795 3848 275

2683 4439 2796 4508 280
