2909 4884
910 316 1588 388 LECTURIS.
2354 327 2491 392 vii·

118 481 515 559 bm-bmrum
564 488 843 561 animos
894 492 1335 567 retineamus
1362 498 1402 569 ,Ρ
1531 495 1695 573 Quo
1751 495 2282 573 simulationem
2332 500 2444 574 rei

114 602 361 695 opiimae,
408 605 474 677 si
525 607 722 680 absit
772 609 1048 683 veritas
1076 613 1116 682 ,2
1225 612 1429 691 Quid
1463 612 1787 709 prodest,
1849 614 1917 686 si.
1953 640 2097 711 pro
2149 616 2444 691 mitibus

104 726 313 821 probis,
384 731 853 828 simplicibus,
933 736 1293 835 ingenuis,
1382 738 1742 827 modestis,
1820 739 2167 815 benevolis
2258 769 2442 843 erga

110 868 290 917 omes
344 845 683 937 homines,
757 849 1005 948 quales
1058 854 1435 948 promittit
1504 854 1813 928 literata
1862 855 2284 942 instituti03
2356 884 2445 933 ea

114 990 201 1036 nos
238 966 553 1042 dimittat
578 966 905 1070 feroces,
960 973 1343 1072 malignos,
1407 975 1898 1074 implacabiles
1948 979 2271 1053 omnibus
2320 982 2447 1081 qui

110 1109 142 1153 α
180 1085 345 1158 nobis
393 1088 783 1163 dissentire
819 1091 984 1163 ausi
983 1088 1321 1192 fuerint,
1377 1093 1600 1165 etiam
1634 1094 1714 1165 in
1749 1094 1968 1191 nugis
1992 1097 2033 1166 ἓ
2139 1095 2448 1172 Mallem

108 1227 233 1274 mne
306 1203 566 1280 literas
650 1206 1044 1305 Alphabeti
1136 1210 1431 1298 nescire,
1510 1236 1728 1309 quam
1811 1209 2213 1310 hujusmodi
2295 1240 2444 1288 esse

109 1323 447 1401 literatum.
560 1329 786 1403 Hanc
835 1333 1025 1404 enim
1075 1358 1351 1405 morum
1384 1332 1840 1430 pravitatem
1870 1333 2077 1408 nulla
2112 1335 2442 1411 doctrina

100 1468 345 1536 pensare
384 1456 661 1543 potest,
738 1475 883 1521 non
944 1448 1001 1522 si
1068 1475 1362 1523 omnem
1436 1451 1845 1524 noverimus
1900 1451 2294 1543 scientiam,
2365 1467 2442 1528 et

106 1556 307 1654 linguis
351 1560 738 1635 hominum
792 1575 865 1635 et
915 1564 1332 1662 angelorum
1382 1566 1783 1664 loquamur.
1893 1566 2287 1642 Enimvero
2323 1595 2442 1643 res

110 1671 359 1748 absurda
413 1687 527 1750 est
589 1677 900 1751 eruditio
948 1679 1105 1753 sine
1159 1679 1357 1752 bonis
1408 1681 1750 1770 moribaS,
1825 1681 1906 1754 in
1972 1682 2227 1781 quibus
2282 1710 2442 1757 cum

102 1794 318 1887 primas
381 1808 648 1894 partes
716 1809 1013 1873 teneant
1081 1800 1427 1876 modestia
1497 1812 1571 1875 et
1638 1802 2079 1893 humanitas,
2160 1806 2228 1877 si
2279 1807 2440 1905 quis

106 1907 288 1983 Homo
334 1922 584 2003 natus,
637 1914 751 1987 lzis
800 1914 1169 2015 neglectis,
1246 1918 1326 1991 in
1376 1918 1524 1990 ista
1574 1916 1713 1991 sibi
1755 1918 2024 2022 placet,
2103 1946 2223 1992 noe
2290 1922 2440 2011 ille,

104 2023 440 2126 quicunque
506 2029 634 2119 sit,
698 2040 1151 2129 proepostere
1220 2042 1296 2105 et
1360 2032 1590 2105 stulte
1655 2032 1900 2131 elegit,
1971 2046 2043 2108 et
2093 2036 2437 2127 τετύφωται

103 2141 231 2227 μηδ
272 2147 660 2239 ἔτις-σίμενος.
734 2233 747 2247 ·

174 2373 315 2450 Hoc
384 2403 525 2480 ego
590 2380 908 2475 consilio,
970 2379 1044 2452 in
1112 2377 1324 2453 Notis
1393 2375 1793 2451 Pauwianis
1863 2388 1936 2449 et
2009 2375 2439 2450 Heathianis

104 2520 298 2572 omnes
345 2528 599 2576 eorum
665 2502 1225 2603 digladiationes,
1279 2501 1528 2575 omnia
1580 2500 1655 2573 in
1712 2499 2113 2573 Stanleium
2156 2512 2231 2573 et
2272 2499 2442 2574 alios

106 2612 296 2692 doctos
325 2619 511 2694 viros
547 2648 590 2694 a
636 2619 930 2694 Pauwio
966 2617 1287 2717 conjecta
1319 2616 1719 2718 opprobria,
1757 2615 2171 2714 ubicunque
2205 2619 2437 2716 potui,

104 2736 266 2829 plane
331 2742 633 2829 sustuli3
730 2743 1111 2841 aliquando
1206 2751 1448 2813 autem
1554 2740 1653 2812 ita
1741 2737 2014 2836 corpori
2107 2749 2438 2812 notarum

104 2856 396 2939 inhaerent
447 2878 533 2939 ut
589 2865 889 2939 omnino
955 2865 1108 2939 tolli
1172 2874 1556 2962 nequeant.
1687 2860 2061 2963 Quicquid
2130 2860 2443 2959 denique

105 2978 235 3055 utile
294 2987 717 3078 existimavi,
793 2987 1172 3086 diligenter
1225 2984 1516 3075 servavi,
1590 2985 1920 3083 quaedam
1992 2983 2235 3071 etiam,
2312 2985 2440 3056 etsi

107 3116 191 3166 me
221 3095 453 3193 judice
504 3101 744 3175 minus
798 3101 1000 3175 utilia
1048 3100 1480 3190 viderentur,
1533 3112 1773 3174 tamen
1822 3099 1992 3197 quia
2024 3101 2114 3172 ab
2145 3098 2442 3173 eruditis

108 3208 230 3284 viris
274 3218 666 3318 conscripta
717 3231 908 3308 sunt,
960 3216 1245 3316 rejicere
1296 3216 1545 3301 nolui3
1615 3228 1691 3289 et
1739 3241 1832 3288 ex
1879 3227 2033 3289 toto
2072 3241 2441 3290 commen-

106 3332 363 3405 tatorum
435 3345 510 3405 et
595 3333 951 3405 editorum
1041 3357 1354 3432 corpore,
1442 3332 1796 3430 variisque
1876 3330 1996 3403 hic
2080 3331 2249 3404 inde
2315 3357 2442 3431 per

106 3437 272 3520 libros
319 3449 777 3550 philologicos
837 3448 1129 3547 sparsim
1195 3448 1479 3547 prolatis
1537 3448 2163 3538 observationibus»,
2235 3449 2439 3546 quic-

109 3562 245 3655 quid
318 3572 404 3643 ad
498 3572 939 3672 AEschylum
1024 3570 1525 3645 illustrandum
1629 3571 2013 3670 pertineret
2094 3571 2439 3670 decerpsi.

112 3674 331 3755 Omnes
382 3686 570 3759 enim
620 3686 843 3776 nobis,
900 3696 981 3758 ut
1030 3709 1198 3758 cum
1251 3684 1501 3757 Tullio
1542 3696 1781 3758 nostro
1813 3686 2062 3782 loquar
2085 3692 2160 3776 *,
2213 3684 2450 3785 quoad

94 3788 378 3888 facultas
425 3804 629 3895 tulit,
673 3803 1201 3902 proposuimus,
1255 3812 1329 3913 et
1379 3828 1468 3877 ex
1518 3811 1763 3875 nostro
1811 3826 2085 3901 quoque
2122 3801 2454 3881 nonnihil

114 3913 167 3986 5¹¹
208 3946 544 4002 commune
591 3927 1042 4002 contulimus.
1155 3925 1372 4004 Quod
1407 3927 1475 3999 si
1524 3951 1631 4015 ea,
1702 3951 1868 4025 quoe
1922 3925 2002 3996 in
2053 3926 2164 3998 his
2220 3950 2445 3999 anno-

112 4038 450 4120 tationibus
500 4056 983 4143 exponuntur,
1040 4052 1418 4140 tantopere
1465 4041 1796 4140 eligenda
1801 4038 2140 4140 fuerunt
2175 4051 2444 4139 quanto

112 4154 299 4230 dudio
329 4161 547 4238 electa
578 4174 779 4254 sunt,
810 4157 1137 4264 profecto
1166 4184 1391 4259 neque
1416 4183 1567 4248 nos,
1606 4182 1830 4257 neque
1851 4155 2033 4230 alios
2058 4154 2448 4229 industria?

846 4468 877 4501 ⁴*
911 4464 1001 4522 De
1031 4465 1255 4523 lavent.
1284 4461 1359 4553 ll.
1407 4462 1655 4519 Prooem.
