<?xml version="1.0" encoding="UTF-8"?>
<!DOCTYPE html PUBLIC "-//W3C//DTD XHTML 1.0 Transitional//EN"
    "http://www.w3.org/TR/xhtml1/DTD/xhtml1-transitional.dtd">
<html xmlns="http://www.w3.org/1999/xhtml" xml:lang="en" lang="en">
 <head>
  <title>
</title>
<meta http-equiv="Content-Type" content="text/html;charset=utf-8" />
  <meta name='ocr-system' content='tesseract 3.04.00' />
  <meta name='ocr-capabilities' content='ocr_page ocr_carea ocr_par ocr_line ocrx_word'/>
</head>
<body>
  <div class='ocr_page' id='page_1' title='image "./schylitragdiqus01unkngoog_0291.png"; bbox 0 0 2909 4884; ppageno 0'>
   <div class='ocr_carea' id='block_1_1' title="bbox 139 370 1969 618">
    <p class='ocr_par' dir='ltr' id='par_1_1' title="bbox 139 370 1969 618">
     <span class='ocr_line' id='line_1_1' title="bbox 1152 370 1466 471; baseline -0.013 0"><span class='ocrx_word' id='word_1_1' title='bbox 1152 375 1182 471; x_wconf 96' lang='lat'><strong>(</strong></span> <span class='ocrx_word' id='word_1_2' title='bbox 1286 383 1327 445; x_wconf 83' lang='lat'>⁵</span> <span class='ocrx_word' id='word_1_3' title='bbox 1436 370 1466 467; x_wconf 94' lang='lat'>)</span> 
     </span>
     <span class='ocr_line' id='line_1_2' title="bbox 139 528 1969 618; baseline 0.004 -21"><span class='ocrx_word' id='word_1_4' title='bbox 139 528 375 599; x_wconf 69' lang='lat' dir='ltr'>sclam.</span> <span class='ocrx_word' id='word_1_5' title='bbox 413 537 467 592; x_wconf 91' lang='lat'>1.</span> <span class='ocrx_word' id='word_1_6' title='bbox 487 538 526 616; x_wconf 63' lang='lat'><em>1</em></span> <span class='ocrx_word' id='word_1_7' title='bbox 550 530 792 601; x_wconf 85' lang='lat' dir='ltr'><strong>Christ.</strong></span> <span class='ocrx_word' id='word_1_8' title='bbox 833 532 1109 600; x_wconf 86' lang='lat' dir='ltr'>Godofr.</span> <span class='ocrx_word' id='word_1_9' title='bbox 1144 534 1459 602; x_wconf 87' lang='lat' dir='ltr'>Schutzii.</span> <span class='ocrx_word' id='word_1_10' title='bbox 1540 536 1752 618; x_wconf 79' lang='lat' dir='ltr'>Halae,</span> <span class='ocrx_word' id='word_1_11' title='bbox 1784 545 1969 611; x_wconf 78' lang='lat'>1782.</span> 
     </span>
    </p>
   </div>
   <div class='ocr_carea' id='block_1_2' title="bbox 137 619 2505 1008">
    <p class='ocr_par' dir='ltr' id='par_1_2' title="bbox 137 619 2505 1008">
     <span class='ocr_line' id='line_1_3' title="bbox 403 619 1970 706; baseline 0.022 -34"><span class='ocrx_word' id='word_1_12' title='bbox 403 641 467 698; x_wconf 55' lang='lat'>2·</span> <span class='ocrx_word' id='word_1_13' title='bbox 492 619 525 703; x_wconf 53' lang='grc' dir='ltr'><strong><em>ς</em></strong></span> <span class='ocrx_word' id='word_1_14' title='bbox 546 670 1756 694; x_wconf 81' lang='lat'>——.-.—.-—-—....</span> <span class='ocrx_word' id='word_1_15' title='bbox 1786 646 1970 706; x_wconf 71' lang='lat' dir='ltr'><strong>ISOE·</strong></span> 
     </span>
     <span class='ocr_line' id='line_1_4' title="bbox 137 737 1665 849; baseline 0.014 -55"><span class='ocrx_word' id='word_1_16' title='bbox 137 781 294 849; x_wconf 57' lang='lat' dir='ltr'>Pon</span> <span class='ocrx_word' id='word_1_17' title='bbox 343 792 364 847; x_wconf 63' lang='lat' dir='ltr'>l</span> <span class='ocrx_word' id='word_1_18' title='bbox 555 739 704 805; x_wconf 87' lang='lat' dir='ltr'>Ric.</span> <span class='ocrx_word' id='word_1_19' title='bbox 739 738 1036 805; x_wconf 81' lang='lat' dir='ltr'>Porsoni.</span> <span class='ocrx_word' id='word_1_20' title='bbox 1126 737 1449 820; x_wconf 79' lang='lat' dir='ltr'>Glascuae‚</span> <span class='ocrx_word' id='word_1_21' title='bbox 1482 749 1665 816; x_wconf 85' lang='lat'>1795·</span> 
     </span>
     <span class='ocr_line' id='line_1_5' title="bbox 295 762 2505 1008; baseline 0.022 -153"><span class='ocrx_word' id='word_1_22' title='bbox 295 832 312 849; x_wconf 86' lang='lat'><strong>·</strong></span> <span class='ocrx_word' id='word_1_23' title='bbox 375 830 394 848; x_wconf 90' lang='lat'><strong>·</strong></span> <span class='ocrx_word' id='word_1_24' title='bbox 485 762 1459 1008; x_wconf 70' lang='lat'>}-————,—</span> <span class='ocrx_word' id='word_1_25' title='bbox 1484 834 1669 902; x_wconf 83' lang='lat'>1794.</span> <span class='ocrx_word' id='word_1_26' title='bbox 1719 824 1963 915; x_wconf 85' lang='lat' dir='ltr'>prodiit</span> <span class='ocrx_word' id='word_1_27' title='bbox 1990 848 2146 894; x_wconf 82' lang='lat' dir='ltr'>vero</span> <span class='ocrx_word' id='word_1_28' title='bbox 2186 849 2360 895; x_wconf 77' lang='lat' dir='ltr'>anno</span> <span class='ocrx_word' id='word_1_29' title='bbox 2391 828 2505 895; x_wconf 84' lang='lat' dir='ltr'>de·</span> 
     </span>
    </p>

    <p class='ocr_par' dir='ltr' id='par_1_3' title="bbox 331 900 1082 1001">
     <span class='ocr_line' id='line_1_6' title="bbox 331 900 1082 1001; baseline 0.011 -12"><span class='ocrx_word' id='word_1_30' title='bbox 331 900 395 957; x_wconf 66' lang='lat'>2·</span> <span class='ocrx_word' id='word_1_31' title='bbox 678 956 861 1001; x_wconf 85' lang='lat' dir='ltr'>mum</span> <span class='ocrx_word' id='word_1_32' title='bbox 900 934 1082 999; x_wconf 91' lang='grc'><strong>1806.</strong></span> 
     </span>
    </p>
   </div>
   <div class='ocr_carea' id='block_1_3' title="bbox 139 1031 1791 1122">
    <p class='ocr_par' dir='ltr' id='par_1_4' title="bbox 139 1031 1791 1122">
     <span class='ocr_line' id='line_1_7' title="bbox 139 1031 1791 1122; baseline -0.001 -23"><span class='ocrx_word' id='word_1_33' title='bbox 139 1031 325 1104; x_wconf 69' lang='lat' dir='ltr'>Both.</span> <span class='ocrx_word' id='word_1_34' title='bbox 572 1037 749 1103; x_wconf 87' lang='lat' dir='ltr'>Frid.</span> <span class='ocrx_word' id='word_1_35' title='bbox 790 1034 1000 1101; x_wconf 84' lang='lat' dir='ltr'>Henr.</span> <span class='ocrx_word' id='word_1_36' title='bbox 1037 1032 1298 1099; x_wconf 85' lang='lat' dir='ltr'>Bothei.</span> <span class='ocrx_word' id='word_1_37' title='bbox 1391 1033 1574 1122; x_wconf 83' lang='lat' dir='ltr'>Lips.</span> <span class='ocrx_word' id='word_1_38' title='bbox 1608 1040 1791 1099; x_wconf 84' lang='lat'>1805.</span> 
     </span>
    </p>
   </div>
   <div class='ocr_carea' id='block_1_4' title="bbox 1143 1299 1499 1340">
    <p class='ocr_par' dir='ltr' id='par_1_5' title="bbox 1143 1299 1499 1340">
     <span class='ocr_line' id='line_1_8' title="bbox 1143 1299 1499 1340; baseline -0.003 -9"><span class='ocrx_word' id='word_1_39' title='bbox 1143 1299 1499 1340; x_wconf 46' lang='lat'>*-</span> 
     </span>
    </p>
   </div>
   <div class='ocr_carea' id='block_1_5' title="bbox 954 1496 1673 1578">
    <p class='ocr_par' dir='ltr' id='par_1_6' title="bbox 954 1496 1673 1578">
     <span class='ocr_line' id='line_1_9' title="bbox 954 1496 1673 1578; baseline -0.001 0"><span class='ocrx_word' id='word_1_40' title='bbox 954 1496 1673 1578; x_wconf 73' lang='lat' dir='ltr'>CommentatoreS.</span> 
     </span>
    </p>
   </div>
   <div class='ocr_carea' id='block_1_6' title="bbox 131 1707 2511 2100">
    <p class='ocr_par' dir='ltr' id='par_1_7' title="bbox 133 1707 2511 1901">
     <span class='ocr_line' id='line_1_10' title="bbox 133 1707 2511 1805; baseline -0.005 -15"><span class='ocrx_word' id='word_1_41' title='bbox 133 1719 405 1790; x_wconf 81' lang='lat' dir='ltr'>Amald.</span> <span class='ocrx_word' id='word_1_42' title='bbox 562 1715 835 1805; x_wconf 81' lang='lat' dir='ltr'>Georgii</span> <span class='ocrx_word' id='word_1_43' title='bbox 884 1709 1236 1790; x_wconf 81' lang='lat' dir='ltr'>d’Arnaud‚</span> <span class='ocrx_word' id='word_1_44' title='bbox 1267 1710 1616 1797; x_wconf 82' lang='lat' dir='ltr'>Specirnen</span> <span class='ocrx_word' id='word_1_45' title='bbox 1668 1707 2318 1777; x_wconf 81' lang='lat' dir='ltr'>Animadversionum</span> <span class='ocrx_word' id='word_1_46' title='bbox 2364 1711 2511 1779; x_wconf 87' lang='lat' dir='ltr'>Cri-</span> 
     </span>
     <span class='ocr_line' id='line_1_11' title="bbox 666 1810 1580 1901; baseline -0.009 -18"><span class='ocrx_word' id='word_1_47' title='bbox 666 1819 963 1884; x_wconf 77' lang='lat' dir='ltr'>ticarum.</span> <span class='ocrx_word' id='word_1_48' title='bbox 1057 1810 1356 1901; x_wconf 82' lang='lat' dir='ltr'>Harling.</span> <span class='ocrx_word' id='word_1_49' title='bbox 1396 1819 1580 1883; x_wconf 80' lang='lat'>1728.</span> 
     </span>
    </p>

    <p class='ocr_par' dir='ltr' id='par_1_8' title="bbox 131 1909 2511 2100">
     <span class='ocr_line' id='line_1_12' title="bbox 131 1909 2511 1999; baseline -0.007 -6"><span class='ocrx_word' id='word_1_50' title='bbox 131 1922 429 1993; x_wconf 75' lang='lat' dir='ltr'>Abmeh.</span> <span class='ocrx_word' id='word_1_51' title='bbox 560 1919 666 1987; x_wconf 84' lang='lat' dir='ltr'>Fr.</span> <span class='ocrx_word' id='word_1_52' title='bbox 720 1918 969 1984; x_wconf 80' lang='lat' dir='ltr'>Ludov.</span> <span class='ocrx_word' id='word_1_53' title='bbox 1009 1912 1349 1981; x_wconf 82' lang='lat' dir='ltr'>Abreschii</span> <span class='ocrx_word' id='word_1_54' title='bbox 1419 1909 2026 1975; x_wconf 81' lang='lat' dir='ltr'>Animadversiones</span> <span class='ocrx_word' id='word_1_55' title='bbox 2084 1911 2167 1976; x_wconf 75' lang='lat' dir='ltr'>ad</span> <span class='ocrx_word' id='word_1_56' title='bbox 2236 1909 2511 1999; x_wconf 73' lang='lat' dir='ltr'>AEschy-</span> 
     </span>
     <span class='ocr_line' id='line_1_13' title="bbox 668 2008 2203 2100; baseline -0.009 -14"><span class='ocrx_word' id='word_1_57' title='bbox 668 2021 826 2086; x_wconf 90' lang='lat' dir='ltr'>lum.</span> <span class='ocrx_word' id='word_1_58' title='bbox 912 2015 1338 2100; x_wconf 86' lang='lat' dir='ltr'>Medioburg.</span> <span class='ocrx_word' id='word_1_59' title='bbox 1374 2019 1559 2083; x_wconf 84' lang='grc'><strong>1743.</strong></span> <span class='ocrx_word' id='word_1_60' title='bbox 1610 2026 1677 2074; x_wconf 85' lang='lat' dir='ltr'>et</span> <span class='ocrx_word' id='word_1_61' title='bbox 1706 2008 1988 2087; x_wconf 83' lang='lat' dir='ltr'>Zwollae‚</span> <span class='ocrx_word' id='word_1_62' title='bbox 2020 2011 2203 2080; x_wconf 82' lang='grc'><strong>1768.</strong></span> 
     </span>
    </p>
   </div>
   <div class='ocr_carea' id='block_1_7' title="bbox 129 2132 1812 2229">
    <p class='ocr_par' dir='ltr' id='par_1_9' title="bbox 129 2132 1812 2229">
     <span class='ocr_line' id='line_1_14' title="bbox 129 2132 1812 2229; baseline -0.011 -14"><span class='ocrx_word' id='word_1_63' title='bbox 129 2147 372 2215; x_wconf 71' lang='lat' dir='ltr'>Heath.</span> <span class='ocrx_word' id='word_1_64' title='bbox 552 2142 742 2229; x_wconf 86' lang='lat' dir='ltr'>Benj.</span> <span class='ocrx_word' id='word_1_65' title='bbox 786 2138 1032 2206; x_wconf 79' lang='lat' dir='ltr'>Heath.</span> <span class='ocrx_word' id='word_1_66' title='bbox 1065 2136 1283 2202; x_wconf 81' lang='lat' dir='ltr'>Notae.</span> <span class='ocrx_word' id='word_1_67' title='bbox 1373 2132 1595 2198; x_wconf 78' lang='lat' dir='ltr'><strong>Oxou.</strong></span> <span class='ocrx_word' id='word_1_68' title='bbox 1630 2133 1812 2203; x_wconf 85' lang='lat'>1761.</span> 
     </span>
    </p>
   </div>
   <div class='ocr_carea' id='block_1_8' title="bbox 123 2592 2523 4203">
    <p class='ocr_par' dir='ltr' id='par_1_10' title="bbox 123 2592 2523 4203">
     <span class='ocr_line' id='line_1_15' title="bbox 231 2592 2512 2684; baseline 0.001 -18"><span class='ocrx_word' id='word_1_69' title='bbox 231 2598 348 2666; x_wconf 86' lang='lat' dir='ltr'>Ad</span> <span class='ocrx_word' id='word_1_70' title='bbox 379 2596 587 2663; x_wconf 77' lang='lat' dir='ltr'>Notas</span> <span class='ocrx_word' id='word_1_71' title='bbox 614 2594 959 2660; x_wconf 81' lang='lat' dir='ltr'>Variorum</span> <span class='ocrx_word' id='word_1_72' title='bbox 993 2593 1452 2682; x_wconf 78' lang='lat' dir='ltr'>Philologicas,</span> <span class='ocrx_word' id='word_1_73' title='bbox 1498 2615 1644 2680; x_wconf 85' lang='lat' dir='ltr'>quae</span> <span class='ocrx_word' id='word_1_74' title='bbox 1689 2615 1728 2658; x_wconf 87' lang='lat' dir='ltr'>e</span> <span class='ocrx_word' id='word_1_75' title='bbox 1768 2592 2032 2660; x_wconf 84' lang='lat' dir='ltr'>diversis</span> <span class='ocrx_word' id='word_1_76' title='bbox 2061 2594 2512 2684; x_wconf 35' lang='lat' dir='ltr'>‘scriptoribuffi</span> 
     </span>
     <span class='ocr_line' id='line_1_16' title="bbox 123 2694 2518 2792; baseline -0.001 -26"><span class='ocrx_word' id='word_1_77' title='bbox 123 2702 371 2792; x_wconf 70' lang='lat' dir='ltr'>partim</span> <span class='ocrx_word' id='word_1_78' title='bbox 400 2697 553 2763; x_wconf 77' lang='lat' dir='ltr'>data</span> <span class='ocrx_word' id='word_1_79' title='bbox 580 2718 801 2784; x_wconf 79' lang='lat' dir='ltr'>opera,</span> <span class='ocrx_word' id='word_1_80' title='bbox 833 2695 1067 2783; x_wconf 79' lang='lat' dir='ltr'>partim</span> <span class='ocrx_word' id='word_1_81' title='bbox 1098 2695 1311 2761; x_wconf 86' lang='lat' dir='ltr'>obiter</span> <span class='ocrx_word' id='word_1_82' title='bbox 1350 2708 1419 2760; x_wconf 88' lang='lat' dir='ltr'>et</span> <span class='ocrx_word' id='word_1_83' title='bbox 1448 2705 1493 2759; x_wconf 68' lang='grc' dir='ltr'>ἔα</span> <span class='ocrx_word' id='word_1_84' title='bbox 1518 2706 1756 2781; x_wconf 49' lang='lat' dir='ltr'>ww</span> <span class='ocrx_word' id='word_1_85' title='bbox 1787 2694 2166 2783; x_wconf 81' lang='lat' dir='ltr'>AEscbylum</span> <span class='ocrx_word' id='word_1_86' title='bbox 2199 2698 2518 2772; x_wconf 76' lang='lat' dir='ltr'>illustran-</span> 
     </span>
     <span class='ocr_line' id='line_1_17' title="bbox 124 2796 2518 2888; baseline 0 -21"><span class='ocrx_word' id='word_1_87' title='bbox 124 2806 330 2880; x_wconf 70' lang='lat' dir='ltr'>tibus,</span> <span class='ocrx_word' id='word_1_88' title='bbox 379 2797 678 2888; x_wconf 83' lang='lat' dir='ltr'>petendae</span> <span class='ocrx_word' id='word_1_89' title='bbox 710 2812 914 2874; x_wconf 79' lang='lat' dir='ltr'>erant,</span> <span class='ocrx_word' id='word_1_90' title='bbox 955 2797 1198 2883; x_wconf 87' lang='lat' dir='ltr'>ubique</span> <span class='ocrx_word' id='word_1_91' title='bbox 1228 2796 1679 2862; x_wconf 80' lang='lat' dir='ltr'>adnotantium</span> <span class='ocrx_word' id='word_1_92' title='bbox 1730 2798 1997 2862; x_wconf 82' lang='lat' dir='ltr'>nomina</span> <span class='ocrx_word' id='word_1_93' title='bbox 2040 2798 2238 2865; x_wconf 85' lang='lat' dir='ltr'>literis</span> <span class='ocrx_word' id='word_1_94' title='bbox 2276 2802 2518 2888; x_wconf 82' lang='lat' dir='ltr'>majus-</span> 
     </span>
     <span class='ocr_line' id='line_1_18' title="bbox 123 2898 2519 2987; baseline -0.001 -17"><span class='ocrx_word' id='word_1_95' title='bbox 123 2904 295 2971; x_wconf 76' lang='lat' dir='ltr'>culis</span> <span class='ocrx_word' id='word_1_96' title='bbox 356 2898 783 2966; x_wconf 75' lang='lat' dir='ltr'>adscribenda</span> <span class='ocrx_word' id='word_1_97' title='bbox 837 2898 1225 2974; x_wconf 60' lang='lat' dir='ltr'>curavimus»,</span> <span class='ocrx_word' id='word_1_98' title='bbox 1286 2910 1360 2962; x_wconf 89' lang='lat' dir='ltr'>ut</span> <span class='ocrx_word' id='word_1_99' title='bbox 1415 2919 1549 2962; x_wconf 90' lang='lat' dir='ltr'>uno</span> <span class='ocrx_word' id='word_1_100' title='bbox 1607 2898 1843 2963; x_wconf 86' lang='lat' dir='ltr'>intuitu</span> <span class='ocrx_word' id='word_1_101' title='bbox 1903 2899 2060 2984; x_wconf 90' lang='lat' dir='ltr'>quid</span> <span class='ocrx_word' id='word_1_102' title='bbox 2119 2901 2358 2987; x_wconf 84' lang='lat' dir='ltr'>cuique</span> <span class='ocrx_word' id='word_1_103' title='bbox 2402 2904 2519 2967; x_wconf 78' lang='lat' dir='ltr'>de-</span> 
     </span>
     <span class='ocr_line' id='line_1_19' title="bbox 125 2998 2515 3092; baseline -0.002 -16"><span class='ocrx_word' id='word_1_104' title='bbox 125 3013 399 3076; x_wconf 86' lang='lat' dir='ltr'>beretur</span> <span class='ocrx_word' id='word_1_105' title='bbox 443 3003 681 3068; x_wconf 84' lang='lat' dir='ltr'><strong>Lector</strong></span> <span class='ocrx_word' id='word_1_106' title='bbox 737 3000 1146 3089; x_wconf 84' lang='lat' dir='ltr'>intelligeret.</span> <span class='ocrx_word' id='word_1_107' title='bbox 1248 2998 1327 3065; x_wconf 92' lang='lat' dir='ltr'>In</span> <span class='ocrx_word' id='word_1_108' title='bbox 1387 2999 1585 3066; x_wconf 90' lang='lat' dir='ltr'>Notis</span> <span class='ocrx_word' id='word_1_109' title='bbox 1623 2999 1965 3065; x_wconf 83' lang='lat' dir='ltr'>Variorum</span> <span class='ocrx_word' id='word_1_110' title='bbox 2020 3000 2304 3080; x_wconf 81' lang='lat' dir='ltr'>Criticis,</span> <span class='ocrx_word' id='word_1_111' title='bbox 2367 3027 2515 3092; x_wconf 78' lang='lat' dir='ltr'>quae</span> 
     </span>
     <span class='ocr_line' id='line_1_20' title="bbox 127 3101 2515 3191; baseline -0.002 -16"><span class='ocrx_word' id='word_1_112' title='bbox 127 3130 285 3175; x_wconf 78' lang='lat' dir='ltr'>mea</span> <span class='ocrx_word' id='word_1_113' title='bbox 313 3105 504 3169; x_wconf 82' lang='lat' dir='ltr'>unius</span> <span class='ocrx_word' id='word_1_114' title='bbox 553 3123 751 3191; x_wconf 79' lang='lat' dir='ltr'>opera.</span> <span class='ocrx_word' id='word_1_115' title='bbox 788 3102 1175 3190; x_wconf 69' lang='lat' dir='ltr'>conscriptae</span> <span class='ocrx_word' id='word_1_116' title='bbox 1223 3115 1396 3179; x_wconf 84' lang='lat' dir='ltr'>sunt,</span> <span class='ocrx_word' id='word_1_117' title='bbox 1445 3114 1618 3166; x_wconf 77' lang='lat' dir='ltr'>ratus</span> <span class='ocrx_word' id='word_1_118' title='bbox 1661 3101 2079 3167; x_wconf 80' lang='lat' dir='ltr'>ambitiosum</span> <span class='ocrx_word' id='word_1_119' title='bbox 2132 3104 2198 3169; x_wconf 92' lang='lat' dir='ltr'>id</span> <span class='ocrx_word' id='word_1_120' title='bbox 2250 3104 2408 3183; x_wconf 87' lang='lat' dir='ltr'>fore,</span> <span class='ocrx_word' id='word_1_121' title='bbox 2462 3109 2515 3171; x_wconf 78' lang='lat' dir='ltr'>si</span> 
     </span>
     <span class='ocr_line' id='line_1_21' title="bbox 129 3200 2519 3294; baseline -0.003 -19"><span class='ocrx_word' id='word_1_122' title='bbox 129 3212 217 3277; x_wconf 72' lang='lat' dir='ltr'>ad</span> <span class='ocrx_word' id='word_1_123' title='bbox 250 3205 535 3294; x_wconf 75' lang='lat' dir='ltr'>singulas</span> <span class='ocrx_word' id='word_1_124' title='bbox 575 3202 829 3268; x_wconf 83' lang='lat' dir='ltr'>notulas</span> <span class='ocrx_word' id='word_1_125' title='bbox 866 3225 1086 3268; x_wconf 88' lang='lat' dir='ltr'>meum</span> <span class='ocrx_word' id='word_1_126' title='bbox 1123 3223 1362 3267; x_wconf 87' lang='lat' dir='ltr'>nomen</span> <span class='ocrx_word' id='word_1_127' title='bbox 1392 3201 1884 3281; x_wconf 79' lang='lat' dir='ltr'>adscriberetur,</span> <span class='ocrx_word' id='word_1_128' title='bbox 1913 3200 2066 3267; x_wconf 89' lang='lat' dir='ltr'>illud</span> <span class='ocrx_word' id='word_1_129' title='bbox 2097 3204 2339 3292; x_wconf 89' lang='lat' dir='ltr'>ubique</span> <span class='ocrx_word' id='word_1_130' title='bbox 2368 3228 2519 3294; x_wconf 83' lang='lat' dir='ltr'>sup-</span> 
     </span>
     <span class='ocr_line' id='line_1_22' title="bbox 132 3301 2518 3399; baseline -0.001 -25"><span class='ocrx_word' id='word_1_131' title='bbox 132 3307 364 3399; x_wconf 79' lang='lat' dir='ltr'>pressi,</span> <span class='ocrx_word' id='word_1_132' title='bbox 392 3304 516 3370; x_wconf 82' lang='lat' dir='ltr'>nisi</span> <span class='ocrx_word' id='word_1_133' title='bbox 557 3303 900 3367; x_wconf 83' lang='lat' dir='ltr'>Variorum</span> <span class='ocrx_word' id='word_1_134' title='bbox 930 3317 1105 3368; x_wconf 81' lang='lat' dir='ltr'>notae</span> <span class='ocrx_word' id='word_1_135' title='bbox 1137 3302 1303 3367; x_wconf 85' lang='lat' dir='ltr'>inter</span> <span class='ocrx_word' id='word_1_136' title='bbox 1331 3323 1400 3366; x_wconf 80' lang='lat' dir='ltr'>se</span> <span class='ocrx_word' id='word_1_137' title='bbox 1429 3301 1799 3388; x_wconf 81' lang='lat' dir='ltr'>conjunctae</span> <span class='ocrx_word' id='word_1_138' title='bbox 1830 3301 2004 3368; x_wconf 80' lang='lat' dir='ltr'>aliud</span> <span class='ocrx_word' id='word_1_139' title='bbox 2034 3320 2255 3393; x_wconf 77' lang='lat' dir='ltr'>aperte</span> <span class='ocrx_word' id='word_1_140' title='bbox 2294 3321 2518 3394; x_wconf 87' lang='lat' dir='ltr'>postu-</span> 
     </span>
     <span class='ocr_line' id='line_1_23' title="bbox 129 3397 2519 3487; baseline -0.001 -16"><span class='ocrx_word' id='word_1_141' title='bbox 129 3407 380 3471; x_wconf 75' lang='lat' dir='ltr'>labant.</span> <span class='ocrx_word' id='word_1_142' title='bbox 470 3399 667 3466; x_wconf 79' lang='lat' dir='ltr'>Hanc</span> <span class='ocrx_word' id='word_1_143' title='bbox 719 3398 915 3463; x_wconf 78' lang='lat' dir='ltr'>etiam</span> <span class='ocrx_word' id='word_1_144' title='bbox 974 3397 1136 3463; x_wconf 82' lang='lat' dir='ltr'>mihi</span> <span class='ocrx_word' id='word_1_145' title='bbox 1187 3397 1397 3486; x_wconf 84' lang='lat' dir='ltr'>legem</span> <span class='ocrx_word' id='word_1_146' title='bbox 1443 3399 1746 3487; x_wconf 78' lang='lat' dir='ltr'>imposui,</span> <span class='ocrx_word' id='word_1_147' title='bbox 1796 3415 1871 3465; x_wconf 91' lang='lat' dir='ltr'>ut</span> <span class='ocrx_word' id='word_1_148' title='bbox 1915 3422 2075 3486; x_wconf 81' lang='lat' dir='ltr'>quas</span> <span class='ocrx_word' id='word_1_149' title='bbox 2116 3402 2180 3466; x_wconf 90' lang='lat' dir='ltr'>in</span> <span class='ocrx_word' id='word_1_150' title='bbox 2229 3403 2519 3469; x_wconf 88' lang='lat' dir='ltr'>editione</span> 
     </span>
     <span class='ocr_line' id='line_1_24' title="bbox 129 3497 2522 3587; baseline -0.003 -13"><span class='ocrx_word' id='word_1_151' title='bbox 129 3529 252 3575; x_wconf 70' lang='lat' dir='ltr'>sua</span> <span class='ocrx_word' id='word_1_152' title='bbox 296 3503 567 3570; x_wconf 75' lang='lat' dir='ltr'>dederat</span> <span class='ocrx_word' id='word_1_153' title='bbox 612 3499 933 3564; x_wconf 82' lang='lat' dir='ltr'>Stanleius</span> <span class='ocrx_word' id='word_1_154' title='bbox 983 3498 1259 3565; x_wconf 85' lang='lat' dir='ltr'>Henrici</span> <span class='ocrx_word' id='word_1_155' title='bbox 1292 3497 1605 3587; x_wconf 80' lang='lat' dir='ltr'>Stephani</span> <span class='ocrx_word' id='word_1_156' title='bbox 1654 3511 1723 3563; x_wconf 85' lang='lat' dir='ltr'>et</span> <span class='ocrx_word' id='word_1_157' title='bbox 1765 3498 2072 3564; x_wconf 85' lang='lat' dir='ltr'>Gulielmi</span> <span class='ocrx_word' id='word_1_158' title='bbox 2110 3500 2372 3567; x_wconf 77' lang='lat' dir='ltr'>Canteri</span> <span class='ocrx_word' id='word_1_159' title='bbox 2407 3504 2522 3567; x_wconf 81' lang='lat' dir='ltr'>ad·</span> 
     </span>
     <span class='ocr_line' id='line_1_25' title="bbox 133 3598 2515 3688; baseline 0 -16"><span class='ocrx_word' id='word_1_160' title='bbox 133 3602 531 3680; x_wconf 77' lang='lat' dir='ltr'>notationes,</span> <span class='ocrx_word' id='word_1_161' title='bbox 602 3622 711 3664; x_wconf 75' lang='lat' dir='ltr'>eas</span> <span class='ocrx_word' id='word_1_162' title='bbox 778 3621 1025 3679; x_wconf 62' lang='lat' dir='ltr'>omnes),</span> <span class='ocrx_word' id='word_1_163' title='bbox 1094 3598 1367 3685; x_wconf 76' lang='lat' dir='ltr'>adjectis</span> <span class='ocrx_word' id='word_1_164' title='bbox 1438 3599 1727 3688; x_wconf 85' lang='lat' dir='ltr'>ipsorum</span> <span class='ocrx_word' id='word_1_165' title='bbox 1800 3601 2171 3667; x_wconf 82' lang='lat' dir='ltr'>nominibus</span> <span class='ocrx_word' id='word_1_166' title='bbox 2244 3603 2515 3672; x_wconf 76' lang='lat' dir='ltr'>fideliter</span> 
     </span>
     <span class='ocr_line' id='line_1_26' title="bbox 137 3699 2520 3793; baseline 0 -22"><span class='ocrx_word' id='word_1_167' title='bbox 137 3704 620 3793; x_wconf 82' lang='lat' dir='ltr'>exprimerem:</span> <span class='ocrx_word' id='word_1_168' title='bbox 692 3700 1055 3766; x_wconf 86' lang='lat' dir='ltr'>Robortelli</span> <span class='ocrx_word' id='word_1_169' title='bbox 1128 3715 1197 3766; x_wconf 86' lang='lat' dir='ltr'>et</span> <span class='ocrx_word' id='word_1_170' title='bbox 1267 3699 1581 3788; x_wconf 78' lang='lat' dir='ltr'>Sophiani</span> <span class='ocrx_word' id='word_1_171' title='bbox 1644 3701 2050 3788; x_wconf 75' lang='lat' dir='ltr'>conjecturas</span> <span class='ocrx_word' id='word_1_172' title='bbox 2108 3719 2176 3768; x_wconf 88' lang='lat' dir='ltr'>et</span> <span class='ocrx_word' id='word_1_173' title='bbox 2230 3703 2520 3771; x_wconf 77' lang='lat' dir='ltr'>Tui-nebi</span> 
     </span>
     <span class='ocr_line' id='line_1_27' title="bbox 137 3802 2523 3877; baseline -0.002 0"><span class='ocrx_word' id='word_1_174' title='bbox 137 3810 289 3877; x_wconf 82' lang='lat' dir='ltr'>VV.</span> <span class='ocrx_word' id='word_1_175' title='bbox 328 3805 461 3873; x_wconf 87' lang='lat' dir='ltr'>LL.</span> <span class='ocrx_word' id='word_1_176' title='bbox 509 3804 639 3869; x_wconf 79' lang='lat' dir='ltr'>suis</span> <span class='ocrx_word' id='word_1_177' title='bbox 689 3803 851 3871; x_wconf 82' lang='lat' dir='ltr'>locis</span> <span class='ocrx_word' id='word_1_178' title='bbox 903 3804 1071 3868; x_wconf 87' lang='lat' dir='ltr'>inter</span> <span class='ocrx_word' id='word_1_179' title='bbox 1119 3802 1262 3868; x_wconf 89' lang='lat' dir='ltr'>VV.</span> <span class='ocrx_word' id='word_1_180' title='bbox 1298 3803 1430 3869; x_wconf 84' lang='lat' dir='ltr'>LL.</span> <span class='ocrx_word' id='word_1_181' title='bbox 1489 3805 1855 3870; x_wconf 80' lang='lat' dir='ltr'>insererem.</span> <span class='ocrx_word' id='word_1_182' title='bbox 1946 3803 2348 3873; x_wconf 79' lang='lat' dir='ltr'>Caeterorum</span> <span class='ocrx_word' id='word_1_183' title='bbox 2405 3830 2523 3873; x_wconf 77' lang='lat' dir='ltr'>an·</span> 
     </span>
     <span class='ocr_line' id='line_1_28' title="bbox 140 3903 2522 3995; baseline -0.001 -17"><span class='ocrx_word' id='word_1_184' title='bbox 140 3908 513 3978; x_wconf 79' lang='lat' dir='ltr'>notationes</span> <span class='ocrx_word' id='word_1_185' title='bbox 561 3903 958 3992; x_wconf 87' lang='lat' dir='ltr'>plerumque,</span> <span class='ocrx_word' id='word_1_186' title='bbox 1003 3922 1318 3990; x_wconf 83' lang='lat' dir='ltr'>quantum</span> <span class='ocrx_word' id='word_1_187' title='bbox 1346 3905 1487 3992; x_wconf 82' lang='lat' dir='ltr'>ejus</span> <span class='ocrx_word' id='word_1_188' title='bbox 1530 3905 1669 3970; x_wconf 87' lang='lat' dir='ltr'>fieri</span> <span class='ocrx_word' id='word_1_189' title='bbox 1718 3909 1954 3994; x_wconf 88' lang='lat' dir='ltr'>potuit,</span> <span class='ocrx_word' id='word_1_190' title='bbox 1993 3908 2277 3995; x_wconf 88' lang='lat' dir='ltr'>ipsorum</span> <span class='ocrx_word' id='word_1_191' title='bbox 2309 3911 2522 3976; x_wconf 79' lang='lat' dir='ltr'>verbis</span> 
     </span>
     <span class='ocr_line' id='line_1_29' title="bbox 141 4004 2522 4103; baseline -0.002 -25"><span class='ocrx_word' id='word_1_192' title='bbox 141 4010 421 4103; x_wconf 75' lang='lat' dir='ltr'>pressius</span> <span class='ocrx_word' id='word_1_193' title='bbox 448 4004 760 4087; x_wconf 80' lang='lat' dir='ltr'>exhibui3</span> <span class='ocrx_word' id='word_1_194' title='bbox 808 4027 1296 4092; x_wconf 76' lang='lat' dir='ltr'>nonnunquam,</span> <span class='ocrx_word' id='word_1_195' title='bbox 1334 4006 1449 4070; x_wconf 87' lang='lat' dir='ltr'>ubi</span> <span class='ocrx_word' id='word_1_196' title='bbox 1502 4028 1602 4070; x_wconf 86' lang='lat' dir='ltr'>res</span> <span class='ocrx_word' id='word_1_197' title='bbox 1653 4006 2036 4094; x_wconf 76' lang='lat' dir='ltr'>postulabat,</span> <span class='ocrx_word' id='word_1_198' title='bbox 2090 4006 2363 4095; x_wconf 81' lang='lat' dir='ltr'>plenius,</span> <span class='ocrx_word' id='word_1_199' title='bbox 2407 4010 2522 4074; x_wconf 79' lang='lat' dir='ltr'>ad-</span> 
     </span>
     <span class='ocr_line' id='line_1_30' title="bbox 141 4105 2151 4203; baseline -0.004 -24"><span class='ocrx_word' id='word_1_200' title='bbox 141 4111 398 4203; x_wconf 68' lang='lat' dir='ltr'>scriptis</span> <span class='ocrx_word' id='word_1_201' title='bbox 441 4129 672 4175; x_wconf 85' lang='lat' dir='ltr'>eorum</span> <span class='ocrx_word' id='word_1_202' title='bbox 703 4108 1099 4201; x_wconf 60' lang='lat' dir='ltr'>nominibus)</span> <span class='ocrx_word' id='word_1_203' title='bbox 1132 4121 1206 4170; x_wconf 86' lang='lat' dir='ltr'>ut</span> <span class='ocrx_word' id='word_1_204' title='bbox 1235 4106 1301 4170; x_wconf 88' lang='lat' dir='ltr'>in</span> <span class='ocrx_word' id='word_1_205' title='bbox 1335 4105 1497 4172; x_wconf 90' lang='lat' dir='ltr'>Not.</span> <span class='ocrx_word' id='word_1_206' title='bbox 1528 4106 1675 4171; x_wconf 84' lang='lat' dir='ltr'>Var.</span> <span class='ocrx_word' id='word_1_207' title='bbox 1707 4106 2151 4195; x_wconf 78' lang='lat' dir='ltr'>philologieis.</span> 
     </span>
    </p>
   </div>
  </div>
 </body>
</html>
