2909 4884
160 634 225 684 10.

586 351 1971 422 PROMETH.V1NCTU5.
2372 377 2483 446 ῳ

351 560 393 595 „
432 511 544 579 Ab
576 510 988 587 auditoribus,
1021 508 1213 574 habet
1238 531 1449 596 operae
1471 509 1760 598 pretium.
2366 519 2493 600 642>

432 614 584 681 Non
612 614 738 678 scio
761 612 1089 700 quomodo
1114 611 1384 676 debeam
1413 610 1597 677 vobis
1623 610 1946 699 refragari:

433 715 547 780 Sed
572 735 866 778 sermone
886 712 1213 800 perspicuo
1242 723 1443 776 totum
1474 711 1647 800 quod
1678 713 1898 799 cupitis

429 813 872 903 Cognoscetis:
919 814 1166 878 tametsi
1197 811 1449 875 doleam
1481 811 1667 876 etiam
1698 834 1994 878 enarrans

430 913 625 980 Unde
657 913 1266 980 divinitus-immissa
1296 923 1654 998 tempestas,
1700 925 1763 980 et
1792 914 2166 999 permutatio

434 1014 682 1088 Formae
712 1012 869 1078 mihi
898 1011 1277 1080 calamitosae
1305 1012 1552 1077 accidit.
2363 1019 2491 1104 645

436 1111 610 1177 Nam
642 1134 894 1199 semper
922 1115 1250 1178 nonurnae
1279 1112 1552 1177 visiones
1579 1114 1954 1181 ventitantes

437 1211 511 1280 In
554 1212 864 1278 thalamos
894 1234 1087 1287 mem,
1135 1211 1589 1277 demulcebant
1619 1236 1724 1279 me

438 1310 727 1376 Lenibus
755 1311 1001 1376 verbis:
1049 1311 1115 1376 O
1148 1310 1441 1398 perbeata
1473 1312 1707 1399 puella,

434 1410 571 1476 Cur
598 1409 709 1473 diu
741 1431 1073 1497 permanes
1099 1412 1294 1498 virg0,
1339 1435 1486 1476 cum
1519 1413 1704 1479 liceat
1733 1415 1844 1480 tibi
1872 1418 2238 1508 conjugium

439 1509 740 1576 Nancisci
770 1511 1395 1596 praestantissimum?
1440 1511 1692 1600 Jupiter
1721 1516 1894 1579 enim
1917 1518 2132 1605 jaculo

603 1610 899 1675 desiderii
2368 1623 2498 1705 650

439 1710 505 1786 A
534 1725 596 1775 te
629 1711 839 1788 missO,
874 1709 1156 1788 incaluit,
1191 1722 1253 1774 et
1281 1709 1601 1775 Venerem
1634 1715 2097 1781 communicare

438 1812 665 1899 Cupit:
700 1822 768 1876 tu
800 1823 1008 1876 autem
1042 1833 1254 1898 puera‚
1281 1833 1361 1875 ne
1386 1811 1773 1898 apolactises,
1799 1814 2147 1897 recalcitres,
2174 1816 2383 1884 cubile

436 1911 632 1988 Jovis,
680 1911 789 1976 sed
821 1933 1004 1977 exeas
1034 1910 1113 1975 ad
1147 1908 1369 1975 Lernae
1401 1909 1800 1996 profundum

440 2009 720 2086 Pratum,
767 2023 830 2075 et
859 2031 1086 2098 pascua
1116 2021 1178 2073 et
1212 2010 1440 2074 bovilia
1474 2011 1683 2094 patris,

441 2109 533 2176 Ut
560 2108 736 2175 Jovis
764 2110 984 2175 oculus
1015 2109 1291 2195 deponat
1321 2109 1725 2175 desiderium.
2369 2121 2500 2205 655

446 2208 718 2274 Talibus
748 2209 1003 2274 somniis
1028 2222 1188 2273 totas
1220 2211 1435 2273 nofles

446 2309 678 2374 Misera
708 2309 1079 2396 occupabar,
1129 2309 1331 2373 donec
1361 2310 1519 2394 patri

448 2411 775 2475 Auderem
809 2432 1052 2474 narrare
1083 2410 1324 2474 somnia
1357 2412 1548 2474 noctu
1578 2411 1965 2476 ventitantia.

449 2509 564 2575 Ille
597 2522 812 2575 autem
843 2509 919 2573 ad
956 2508 1166 2597 Pytho
1197 2523 1259 2574 et
1289 2510 1351 2573 in
1394 2509 1733 2575 Dodonam
1767 2511 2017 2577 crebros

450 2611 1291 2676 oraculorum-consultores
1312 2610 1617 2686 mittebat,
1646 2625 1717 2675 ut
1740 2625 2140 2700 cognosceret
2163 2614 2316 2704 quid
2381 2621 2509 2686 600

455 2710 735 2801 Agendo
766 2723 871 2775 aut
902 2710 1225 2797 loquendo
1256 2711 1701 2798 gratificaretur
1729 2712 1864 2777 diis.
2189 2709 2194 2714 ’

453 2807 552 2876 Illi
584 2810 808 2874 reversi
840 2812 1210 2881 nuntiarunt
1238 2809 1768 2899 ambigui-sensus

453 2908 749 2987 Oracula,
781 2909 1043 2974 obscure
1075 2921 1138 2973 et
1168 2911 1450 2974 intricate
1485 2911 1740 2998 prolata.

458 3008 755 3075 Tandem
786 3021 1074 3095 apertum
1103 3010 1469 3073 vaticinium
1502 3011 1671 3075 venit
1705 3010 1941 3076 Inacho

458 3108 707 3174 Diserte
730 3110 1099 3195 praecipiens
1129 3122 1192 3174 et
1214 3109 1451 3196 jubens
2385 3121 2512 3204 665

458 3208 653 3274 Extra
683 3210 949 3274 domum
982 3222 1044 3273 et
1074 3212 1336 3296 patriam
1368 3232 1472 3275 me
1505 3210 1758 3297 pellere‚

456 3307 547 3374 Ut
578 3308 775 3373 libera
805 3331 1004 3373 errem
1036 3311 1099 3374 in
1132 3309 1419 3373 extremis
1452 3325 1630 3374 terrae
1661 3310 1913 3376 finibus.

461 3391 736 3491 Quod¹si
768 3408 950 3483 nolit,
985 3431 1017 3471 a
1048 3407 1208 3472 Jove
1236 3410 1454 3474 venire
1483 3409 1850 3474 flammeum

461 3505 763 3582 Fulmen,
809 3507 979 3594 quod
1012 3521 1202 3571 totam
1238 3509 1541 3572 familiam
1575 3511 1832 3575 delebit.

465 3605 740 3671 Talibus
772 3623 1102 3693 persuasus
1133 3607 1459 3695 Apollinis
1488 3609 1812 3690 vaticiniis,
2397 3619 2522 3701 670

464 3706 731 3795 Expulit
762 3721 824 3772 et
853 3708 1113 3773 exclusit
1141 3731 1244 3772 me
1275 3708 1467 3772 domo

465 3807 735 3875 Invitam
767 3810 995 3873 invitus
1020 3833 1035 3872 ε
1086 3809 1233 3897 quia
1264 3810 1466 3897 coegit
1497 3832 1647 3874 eum

458 3908 636 3979 Jovis
667 3909 1009 3996 imperium
1042 3932 1157 3996 per
1183 3911 1315 3974 vim
1348 3909 1479 3973 haec
1511 3910 1738 3977 facere.

465 4012 685 4076 Statim
714 4034 862 4075 vero
893 4009 1091 4074 forma
1122 4023 1183 4073 et
1213 4010 1462 4072 animus
1494 4009 1763 4095 perversi

466 4110 761 4190 fiebant,
809 4125 872 4175 et
901 4122 1183 4186 cornuta,
1234 4122 1301 4174 ut
1329 4108 1573 4184 videtis,
1619 4119 1802 4171 acuto
2400 4114 2527 4206 675

466 4212 790 4278 Stimulata
821 4223 1028 4285 oestr0,
1077 4210 1235 4274 saltu
1267 4208 1653 4295 lymphatico

470 4310 750 4377 Ferebar
779 4311 857 4376 ad
890 4310 1396 4397 potu-salubrem
1416 4310 1664 4374 fluxum
1689 4311 2060 4388 Cenchreae,

470 4409 833 4498 Altumque
870 4409 1375 4497 Lernaesontem:
1419 4408 1740 4474 bubulcus
1773 4434 1920 4475 vero
1943 4413 2248 4500 terrigena
2321 4471 2335 4484 ,

472 4505 917 4598 Intemperans
937 4510 1024 4574 ira
1052 4511 1264 4597 Argus
1291 4507 1755 4595 insequebatur,
1789 4509 2008 4573 multis
