2909 4884
584 344 1266 417 PROMETH.
1359 342 1972 411 VINCTUS.
2383 364 2506 436 ¹33

454 503 554 571 Ex
571 504 774 570 oculis
794 515 1007 569 autem
1020 501 1199 590 fulgu
1209 501 1383 566 rabat
1394 498 1911 566 visu-terribilem
1928 496 2357 587 splendorem,

454 606 800 692 Tanquam
830 603 1006 668 Jovis
1030 603 1364 690 imperium
1394 602 1454 665 vi
1486 622 1835 665 eversurus.

457 707 582 772 Sed
613 709 681 771 in
714 706 895 770 illum
918 703 1092 767 irruit
1124 701 1296 766 Jovis
1316 701 1590 788 vigilans
1609 699 1836 774 telum,

458 803 737 869 Fulmen
770 805 1078 868 caducum
1109 802 1431 887 exspirans
1461 799 1803 877 flammam,

458 907 655 990 Quod
687 906 746 969 ei
771 903 1038 970 excussit
1068 901 1470 991 grandisonas
2382 897 2513 983 360

451 1004 882 1077 Jaetationes;
934 1023 1083 1066 nam
1114 1022 1311 1085 usque
1337 999 1415 1063 ad
1446 998 1580 1085 ipsa
1611 996 1948 1085 praecordia
1980 996 2144 1063 iaus

456 1104 825 1169 Ambustus
855 1112 918 1166 et
946 1102 1219 1165 tonitruo
1249 1099 1476 1162 fraitus
1506 1109 1597 1161 est
1624 1096 1900 1160 viribus:

464 1206 543 1270 Et
578 1228 748 1269 nunc
779 1202 984 1280 inutili
1014 1213 1205 1287 atque
1232 1197 1544 1264 inhonoro
1574 1216 1832 1281 corpore

456 1305 635 1370 Jacet
668 1325 862 1393 prope
896 1303 1125 1367 fretum
1158 1299 1537 1364 maritimum

460 1408 601 1471 Sub
641 1404 944 1470 radicibus
976 1401 1238 1466 AEtnaeis
1272 1410 1489 1463 tostus.
2384 1391 2510 1474 365

464 1507 539 1572 Iu
586 1505 924 1571 verticibus
963 1517 1172 1568 autem
1201 1496 1466 1566 summis
1493 1494 1715 1560 sedens
1749 1492 2009 1559 laminas
2039 1489 2258 1578 ignitas

633 1607 871 1693 subigit

465 1706 817 1779 Vulcanus,
855 1704 1023 1767 unde
1053 1702 1210 1766 olim
1240 1696 2034 1783 cum-fragore-erumpent

466 1806 680 1873 Fluvii
704 1805 881 1891 igni3‚
934 1802 1073 1866 feris
1103 1798 1370 1864 maxilli's
1399 1809 1686 1859 vorantes

466 1905 717 1972 Feracis
754 1904 982 1969 Siciliae
1015 1923 1153 1965 arva
1186 1897 1471 1984 spatiosa.

469 2006 708 2073 Talem
743 2003 1027 2091 Typhon
1059 1998 1328 2063 ebulliet
1357 1987 1852 2079 indignationem
2387 1999 2518 2070 370

468 2107 778 2173 Fer-vidus
821 2099 1220 2191 inexplebilis
1263 2089 1776 2184 ejaculationibus
1822 2086 2115 2178 procellae

640 2203 1108 2275 flammivomae,

470 2303 646 2368 Jovis
678 2303 819 2367 licet
853 2301 1118 2365 fulmine
1151 2306 1607 2361 concrematus.

162 2427 346 2472 nou.
473 2404 581 2468 Tu
607 2426 755 2467 vero
780 2425 906 2465 non
934 2424 998 2464 cs
1024 2396 1366 2483 imperitus·‚
1397 2416 1606 2480 neque
1634 2413 1734 2454 me
1759 2401 2139 2475 praeceptore

484 2503 685 2591 Eges;
735 2502 1006 2589 teipsum
1030 2521 1201 2564 serva
1225 2515 1612 2581 quocunque
1641 2494 1754 2558 scis
1777 2491 1991 2555 mode.

482 2601 622 2688 Ego
652 2613 865 2667 autem
891 2598 1007 2663 hoc
1035 2619 1304 2684 praesens
1334 2592 1754 2658 infortunium
1777 2587 2136 2668 exantlabo,
2394 2605 2522 2673 375

488 2701 711 2765 Donec
742 2697 918 2763 Jovis
944 2721 1122 2762 mens
1146 2696 1297 2761 iram
1330 2696 1628 2779 deponat.

163 2823 382 2868 octAu.
492 2801 645 2865 Non
674 2821 823 2887 ergo
849 2797 1229 2863 Prometheu
1258 2795 1375 2859 hoc
1402 2794 1580 2867 nosti,
1609 2792 1782 2877 quod

389 2950 435 2979 ‚,
490 2900 605 2965 lrae
636 2901 953 2963 concitatae
986 2897 1216 2962 medici
1246 2907 1391 2958 sunt
1422 2894 1779 2957 orationes?

168 3019 349 3066 raon.
395 3050 443 3078 ‚‚
496 3000 561 3064 Si
591 2998 730 3087 quis
761 2998 1125 3084 tempestive
1155 3019 1261 3059 cor
1283 2995 1541 3066 molliat,

392 3149 439 3178 ,‚
492 3097 575 3162 Et
610 3120 737 3161 non
764 3109 1111 3171 tumentem
1137 3095 1417 3158 animum
1443 3095 1501 3156 vi
1526 3103 1827 3156 attenuet.
2403 3089 2534 3176 380

168 3216 394 3265 ocum.
491 3198 586 3262 At
617 3198 680 3261 in
714 3196 1000 3261 conando
1024 3209 1085 3259 et
1110 3193 1422 3266 audendO,
1471 3192 1791 3276 quodnam

483 3295 726 3360 Cernas
757 3295 954 3359 inesse
983 3294 1314 3368 damnum,
1340 3292 1497 3355 doce
1529 3314 1629 3353 me

176 3411 362 3461 nou.
491 3393 811 3460 Laborem
832 3415 1313 3481 supervacuum,
1340 3404 1402 3456 et
1425 3413 1572 3454 cum
1599 3390 1843 3455 levitate
1866 3390 2210 3459 stultitiam.

172 3510 396 3560 oanu.
490 3494 634 3559 Sine
660 3516 762 3558 me
796 3492 913 3556 hoe
939 3493 1159 3556 morbo
1192 3492 1493 3566 laborare,
1542 3493 1689 3577 quia

398 3641 445 3670 „
492 3591 920 3658 Utilissimum
943 3604 1053 3672 est,
1088 3591 1630 3677 recle-sapientem
1655 3614 1782 3655 non
1804 3592 1996 3657 videri
2019 3613 2255 3681 sapere.
2409 3593 2539 3679 385

180 3709 357 3757 non.
492 3690 725 3756 Meum
756 3690 1072 3755 videbitur
1097 3690 1401 3753 delictum
1433 3713 1566 3754 esse
1592 3690 1729 3753 lioc.

178 3807 379 3854 OOEAN.
490 3789 831 3854 Manifeste
865 3789 1131 3853 domum
1164 3803 1269 3852 tua
1305 3812 1405 3853 me
1439 3791 1694 3853 remittit
1725 3790 1937 3855 oratio.

184 3906 362 3952 Prion.
492 3888 658 3953 Vide
684 3890 848 3953 enim
878 3912 957 3952 ne
983 3902 1041 3952 te
1067 3891 1187 3952 mei
1213 3890 1660 3953 commiseratio
1680 3891 1742 3953 in
1768 3890 1982 3955 odium
2007 3892 2308 3978 conjiciat.

185 4005 397 4053 ocean.
501 3986 685 4053 Num
731 3990 862 4075 ejus
907 3988 1018 4072 qui
1067 4011 1274 4076 nuper
1313 3990 1586 4054 obtinuit
1628 3990 2330 4079 omnia-gubernantem

667 4085 961 4151 thronum
988 4088 1022 4150 Ρ

189 4202 367 4250 raon.
498 4186 719 4276 Hujus
744 4210 891 4253 cave
926 4209 1005 4251 ne
1036 4209 1310 4275 unquam
1338 4187 1749 4253 exacerbetur
1769 4189 2034 4257 animus.
2421 4210 2549 4277 390

185 4303 405 4353 ocean.
498 4287 669 4365 Tua,
698 4287 1102 4362 Prometheu,
1129 4289 1438 4352 calamitas
1461 4289 1613 4353 mibi
1636 4302 1728 4353 est
1749 4290 2058 4379 magistra.

192 4401 365 4452 non.
496 4388 617 4463 lto,
653 4402 977 4459 revertere,
1007 4388 1198 4451 retine
1226 4388 1384 4450 hanc
1412 4402 1707 4452 mentem.

190 4504 390 4557 oetan.
498 4489 823 4579 Propenso
846 4487 997 4558 mihi
1026 4489 1387 4554 renuntiasti
1409 4484 1545 4552 hacc
1571 4486 1781 4555 verba.
