2909 4884
656 333 1347 406 PROMETH.
1431 334 2049 410 V1NcTus.
2454 359 2580 430 14⁷

527 487 636 557 Ad
668 490 805 556 haec
826 491 993 558 clare
1015 492 1360 559 enarranda
1380 514 1542 581 opus
1565 491 1755 559 fuerit
1776 492 1966 583 longa
1985 492 2282 560 oratione.

524 590 622 657 Ex
652 592 769 658 hac
799 592 1064 679 quidem
1095 594 1282 681 stirpe
1316 605 1600 659 nascetur
1631 593 1801 659 fortis
1831 591 1952 670 ille,
1984 603 2043 657 et
2453 596 2585 678 870

522 691 1133 771 Celebris-arcubus,
1180 693 1291 781 qui
1321 715 1426 759 me
1458 717 1538 759 ex
1569 692 1736 758 hisce
1765 690 2087 758 laboribus

520 789 885 858 Liberabit:
937 792 1301 880 hujusmodi
1329 793 1661 859 oraculum
1690 793 1845 858 mihi
1872 794 2206 881 grandaeva

516 886 733 957 Mater
766 890 877 956 illa
909 890 1181 957 Themis
1215 891 1467 958 Titania
1496 894 1821 982 exposuit:

514 986 860 1072 Quomodo
890 1004 1101 1055 autem
1135 1003 1198 1056 et
1225 993 1504 1077 quando,
1541 993 1673 1060 haec
1705 994 1894 1083 longa
1924 994 2204 1059 oratione

516 1086 906 1178 Indignerint
935 1090 1012 1154 ad
1044 1091 1448 1170 narrandum,
1483 1105 1547 1158 et
1575 1104 1664 1171 tu,
1697 1093 1772 1158 iis
1802 1093 2079 1182 cognitiS,
2108 1091 2269 1160 nihil

669 1190 997 1278 juvabere.
2443 1192 2576 1277 875

947 1374 1011 1439 A
1067 1371 1134 1439 N
1185 1375 1250 1439 A
1299 1373 1354 1441 P
1394 1373 1486 1441 AE
1530 1373 1575 1440 S
1623 1373 1687 1441 T
1733 1373 1790 1445 1.

219 1511 293 1559 lo.
511 1493 685 1577 Heu,
734 1499 881 1580 heu,
929 1499 1074 1579 heu,
1121 1501 1267 1580 heu,
1315 1504 1477 1569 heu!

506 1597 622 1665 Me
657 1625 867 1668 rursus
898 1603 1180 1690 spacelus
1211 1615 1273 1668 et
1306 1600 1654 1692 phrenetici

507 1697 774 1767 Furores
804 1716 1018 1780 urunt,
1065 1702 1233 1767 oestri
1264 1701 1525 1791 quidem
1558 1701 1722 1767 acies

503 1797 954 1867 Ardentissima
988 1825 1090 1866 me
1125 1803 1440 1879 stimulatg

502 1897 629 1963 Cor
655 1921 805 1964 vero
838 1924 967 1988 prae
998 1915 1175 1967 metu
1209 1902 1552 1990 praecordia
1574 1898 1882 1966 verberat.
2433 1894 2564 1962 880

497 1996 694 2065 Oculi
724 2015 937 2066 autern
966 2003 1232 2067 volutim
1265 2013 1549 2067 rotantur

502 2097 587 2166 Et
615 2114 788 2167 extra
814 2101 1081 2169 orbitam
1114 2102 1295 2179 feror,
1344 2100 1533 2165 rabiei

500 2198 754 2288 Impetu
784 2202 1022 2280 insano,
1071 2202 1307 2290 linguae
1334 2203 1646 2287 impotens
1671 2221 1689 2262 τ

497 2300 698 2366 Voces
727 2324 877 2367 vero
903 2302 1169 2368 turbidae
1200 2314 1433 2366 temere
1465 2298 1737 2364 allidunt

496 2399 607 2465 Ad
636 2400 866 2472 fluctus
896 2425 1074 2467 noxae
1103 2423 1331 2466 exosae.
2425 2390 2551 2474 885

940 2578 1761 2650 EPODICA.

989 2745 1717 2817 STROPHE.

197 2888 361 2938 cnon.
494 2874 741 2942 Revera
771 2876 1035 2965 sapiens,
1084 2878 1335 2965 sapiens
1367 2900 1580 2944 revera
1610 2875 1747 2953 fuit,

489 2975 622 3060 Qui
654 2977 895 3064 primus
925 2979 990 3043 in
1021 2980 1237 3044 animo

490 3074 642 3139 Hoc
672 3076 859 3165 gessit
887 3089 951 3141 et
980 3077 1195 3167 lingua
1224 3077 1574 3152 edisseruit,

408 3219 449 3250 „
488 3174 683 3260 Quod
704 3175 1071 3243 affinitatem
1092 3177 1459 3243 contrahere
1486 3175 1609 3242 sibi
1627 3194 1994 3263 comparem
2013 3172 2203 3258 longe

656 3287 923 3361 praestet,

406 3420 447 3450 ‚,
485 3373 571 3439 Et
601 3397 808 3461 neque
837 3374 1065 3441 divitiis
1094 3375 1414 3453 diffluens,
2418 3374 2545 3455 890

405 3517 447 3546 ,‚
493 3470 731 3559 Neque
762 3496 994 3561 genere
1024 3475 1261 3541 elatum

402 3616 450 3652 „
489 3571 771 3640 Cerdoni
805 3574 885 3640 sit
911 3573 1337 3642 affectandum
1367 3574 1766 3663 conjugium.

758 3767 1907 3838 ANTISTROPHE.

489 3893 845 3982 Nunquam
877 3919 1205 3984 nunquam
1238 3922 1361 3979 me,
1396 3899 1464 3964 Ο

481 3991 661 4072 Fata,

481 4094 892 4184 conspiciatis
925 4097 1152 4162 factam
1183 4096 1353 4165 Jovis
1383 4098 1530 4164 lecti
1556 4095 2021 4163 concubinam:
2411 4097 2540 4180 825

480 4193 721 4285 Neque
748 4198 971 4264 marito
1000 4198 1262 4285 copuler
1289 4200 1561 4288 cuipiam
1591 4220 1630 4263 c
1657 4194 1984 4262 coelicolis.

484 4294 663 4361 Nam
691 4296 997 4363 exhorreo
1020 4297 1723 4363 non-contentamwiris
1741 4293 2164 4385 virginitatem

482 4393 611 4472 luz,
656 4420 787 4462 eam
832 4398 1050 4464 videns
1078 4397 1164 4462 ob
1196 4399 1565 4486 conjugium
1595 4397 1929 4461 laceratam

488 4495 851 4565 hinnitibus
880 4497 920 4563 J
929 4499 1157 4564 unonis
1178 4496 1491 4565 erroribus
1517 4496 1834 4561 laborum.

1373 4631 1486 4677 112
