<?xml version="1.0" encoding="UTF-8"?>
<!DOCTYPE html PUBLIC "-//W3C//DTD XHTML 1.0 Transitional//EN"
    "http://www.w3.org/TR/xhtml1/DTD/xhtml1-transitional.dtd">
<html xmlns="http://www.w3.org/1999/xhtml" xml:lang="en" lang="en">
 <head>
  <title>
</title>
<meta http-equiv="Content-Type" content="text/html;charset=utf-8" />
  <meta name='ocr-system' content='tesseract 3.04.00' />
  <meta name='ocr-capabilities' content='ocr_page ocr_carea ocr_par ocr_line ocrx_word'/>
</head>
<body>
  <div class='ocr_page' id='page_1' title='image "./schylitragdiqus01unkngoog_0367.png"; bbox 0 0 2909 4884; ppageno 0'>
   <div class='ocr_carea' id='block_1_1' title="bbox 299 347 2456 420">
    <p class='ocr_par' dir='ltr' id='par_1_1' title="bbox 299 347 2456 420">
     <span class='ocr_line' id='line_1_1' title="bbox 299 347 2456 420; baseline -0.001 0"><span class='ocrx_word' id='word_1_1' title='bbox 299 352 503 420; x_wconf 79' lang='lat' dir='ltr'>CUM</span> <span class='ocrx_word' id='word_1_2' title='bbox 548 348 827 417; x_wconf 86' lang='lat' dir='ltr'>NOTIS</span> <span class='ocrx_word' id='word_1_3' title='bbox 868 347 1249 415; x_wconf 86' lang='lat' dir='ltr'>VARIOR.</span> <span class='ocrx_word' id='word_1_4' title='bbox 1296 347 1412 416; x_wconf 89' lang='lat' dir='ltr'>ET</span> <span class='ocrx_word' id='word_1_5' title='bbox 1453 348 1854 417; x_wconf 84' lang='lat' dir='ltr'>BUTLERI</span> <span class='ocrx_word' id='word_1_6' title='bbox 1899 349 2195 419; x_wconf 80' lang='lat' dir='ltr'>CRI&#39;I&#39;I&#39;.</span> <span class='ocrx_word' id='word_1_7' title='bbox 2371 358 2456 417; x_wconf 79' lang='grc'>83</span> 
     </span>
    </p>
   </div>
   <div class='ocr_carea' id='block_1_2' title="bbox 96 505 2462 4647">
    <p class='ocr_par' dir='ltr' id='par_1_2' title="bbox 104 505 2462 1716">
     <span class='ocr_line' id='line_1_2' title="bbox 114 505 2454 584; baseline 0 -13"><span class='ocrx_word' id='word_1_8' title='bbox 114 506 425 584; x_wconf 81' lang='lat' dir='ltr'>beneficio,</span> <span class='ocrx_word' id='word_1_9' title='bbox 470 507 855 573; x_wconf 83' lang='lat' dir='ltr'>beneficium</span> <span class='ocrx_word' id='word_1_10' title='bbox 910 505 1105 570; x_wconf 90' lang='lat' dir='ltr'>etiam</span> <span class='ocrx_word' id='word_1_11' title='bbox 1147 528 1386 571; x_wconf 85' lang='lat' dir='ltr'>novum</span> <span class='ocrx_word' id='word_1_12' title='bbox 1429 505 1498 569; x_wconf 91' lang='lat' dir='ltr'>in</span> <span class='ocrx_word' id='word_1_13' title='bbox 1526 505 1760 571; x_wconf 91' lang='lat' dir='ltr'>Jovem</span> <span class='ocrx_word' id='word_1_14' title='bbox 1803 507 2146 573; x_wconf 86' lang='lat' dir='ltr'>conferret.</span> <span class='ocrx_word' id='word_1_15' title='bbox 2235 505 2454 577; x_wconf 83' lang='lat' dir='ltr'>Quare</span> 
     </span>
     <span class='ocr_line' id='line_1_3' title="bbox 114 593 2453 691; baseline -0 -34"><span class='ocrx_word' id='word_1_16' title='bbox 114 610 239 680; x_wconf 86' lang='lat' dir='ltr'>post</span> <span class='ocrx_word' id='word_1_17' title='bbox 278 603 350 668; x_wconf 71' lang='grc' dir='ltr'>τίς</span> <span class='ocrx_word' id='word_1_18' title='bbox 389 595 441 658; x_wconf 60' lang='lat' dir='ltr'>{a</span> <span class='ocrx_word' id='word_1_19' title='bbox 484 595 886 682; x_wconf 76' lang='lat' dir='ltr'>aptissimum</span> <span class='ocrx_word' id='word_1_20' title='bbox 930 606 1028 657; x_wconf 87' lang='lat' dir='ltr'>est</span> <span class='ocrx_word' id='word_1_21' title='bbox 1074 594 1310 675; x_wconf 62' lang='grc' dir='ltr'>ἄρχοντος</span> <span class='ocrx_word' id='word_1_22' title='bbox 1362 600 1494 662; x_wconf 77' lang='grc' dir='ltr'><strong>Διός.</strong></span> <span class='ocrx_word' id='word_1_23' title='bbox 1601 594 1954 666; x_wconf 84' lang='lat' dir='ltr'>Quomodo</span> <span class='ocrx_word' id='word_1_24' title='bbox 2008 595 2205 681; x_wconf 83' lang='lat' dir='ltr'>igitur</span> <span class='ocrx_word' id='word_1_25' title='bbox 2248 593 2453 691; x_wconf 84' lang='lat' dir='ltr'>impe-</span> 
     </span>
     <span class='ocr_line' id='line_1_4' title="bbox 108 679 2456 769; baseline -0.001 -26"><span class='ocrx_word' id='word_1_26' title='bbox 108 682 255 744; x_wconf 73' lang='lat' dir='ltr'>cium</span> <span class='ocrx_word' id='word_1_27' title='bbox 305 703 421 769; x_wconf 83' lang='lat' dir='ltr'>per</span> <span class='ocrx_word' id='word_1_28' title='bbox 467 699 531 746; x_wconf 90' lang='lat' dir='ltr'>te</span> <span class='ocrx_word' id='word_1_29' title='bbox 580 679 1040 745; x_wconf 81' lang='lat' dir='ltr'>Prometheum</span> <span class='ocrx_word' id='word_1_30' title='bbox 1090 679 1521 755; x_wconf 83' lang='lat' dir='ltr'>conservabit,</span> <span class='ocrx_word' id='word_1_31' title='bbox 1564 693 1632 743; x_wconf 90' lang='lat' dir='ltr'>et</span> <span class='ocrx_word' id='word_1_32' title='bbox 1681 681 1825 765; x_wconf 89' lang='lat' dir='ltr'>quis</span> <span class='ocrx_word' id='word_1_33' title='bbox 1872 695 1934 745; x_wconf 88' lang='lat' dir='ltr'>te</span> <span class='ocrx_word' id='word_1_34' title='bbox 1965 680 2283 757; x_wconf 79' lang='lat' dir='ltr'>liberabit,</span> <span class='ocrx_word' id='word_1_35' title='bbox 2334 700 2456 741; x_wconf 85' lang='lat' dir='ltr'>nn-</span> 
     </span>
     <span class='ocr_line' id='line_1_5' title="bbox 112 765 2453 863; baseline -0.001 -33"><span class='ocrx_word' id='word_1_36' title='bbox 112 766 586 863; x_wconf 77' lang='lat' dir='ltr'>peraate·Jove?</span> <span class='ocrx_word' id='word_1_37' title='bbox 670 766 887 851; x_wconf 83' lang='lat' dir='ltr'>Atque</span> <span class='ocrx_word' id='word_1_38' title='bbox 917 765 1042 829; x_wconf 91' lang='lat' dir='ltr'>hoc</span> <span class='ocrx_word' id='word_1_39' title='bbox 1081 767 1391 829; x_wconf 86' lang='lat' dir='ltr'>convenit</span> <span class='ocrx_word' id='word_1_40' title='bbox 1431 766 1626 829; x_wconf 87' lang='lat' dir='ltr'>etiam</span> <span class='ocrx_word' id='word_1_41' title='bbox 1670 788 1816 830; x_wconf 88' lang='lat' dir='ltr'>cum</span> <span class='ocrx_word' id='word_1_42' title='bbox 1867 766 2004 831; x_wconf 90' lang='lat' dir='ltr'>aliis</span> <span class='ocrx_word' id='word_1_43' title='bbox 2038 765 2453 850; x_wconf 87' lang='lat' dir='ltr'>sequentibus</span> 
     </span>
     <span class='ocr_line' id='line_1_6' title="bbox 113 851 2454 940; baseline 0 -27"><span class='ocrx_word' id='word_1_44' title='bbox 113 872 168 914; x_wconf 82' lang='grc' dir='ltr'>ιιι</span> <span class='ocrx_word' id='word_1_45' title='bbox 207 852 321 917; x_wconf 89' lang='lat' dir='ltr'>bac</span> <span class='ocrx_word' id='word_1_46' title='bbox 366 853 709 940; x_wconf 78' lang='lat' dir='ltr'>tragoedia,</span> <span class='ocrx_word' id='word_1_47' title='bbox 754 868 821 916; x_wconf 90' lang='lat' dir='ltr'>et</span> <span class='ocrx_word' id='word_1_48' title='bbox 859 851 981 916; x_wconf 91' lang='lat' dir='ltr'>illis</span> <span class='ocrx_word' id='word_1_49' title='bbox 1032 851 1347 938; x_wconf 80' lang='lat' dir='ltr'>imprimis</span> <span class='ocrx_word' id='word_1_50' title='bbox 1398 873 1545 937; x_wconf 84' lang='lat' dir='ltr'>quae</span> <span class='ocrx_word' id='word_1_51' title='bbox 1588 852 2010 917; x_wconf 84' lang='lat' dir='ltr'>Prometheus</span> <span class='ocrx_word' id='word_1_52' title='bbox 2056 852 2315 916; x_wconf 88' lang='lat' dir='ltr'>liberius</span> <span class='ocrx_word' id='word_1_53' title='bbox 2355 872 2454 914; x_wconf 87' lang='lat' dir='ltr'>re-</span> 
     </span>
     <span class='ocr_line' id='line_1_7' title="bbox 108 936 2455 1023; baseline 0.001 -22"><span class='ocrx_word' id='word_1_54' title='bbox 108 938 255 1023; x_wconf 85' lang='lat' dir='ltr'>gerit</span> <span class='ocrx_word' id='word_1_55' title='bbox 310 940 665 1005; x_wconf 77' lang='lat' dir='ltr'>Mercurio·</span> <span class='ocrx_word' id='word_1_56' title='bbox 755 938 908 1003; x_wconf 87' lang='lat' dir='ltr'>Non</span> <span class='ocrx_word' id='word_1_57' title='bbox 952 937 1123 1002; x_wconf 88' lang='lat' dir='ltr'>enim</span> <span class='ocrx_word' id='word_1_58' title='bbox 1158 936 1372 1022; x_wconf 86' lang='lat' dir='ltr'>jactat</span> <span class='ocrx_word' id='word_1_59' title='bbox 1424 960 1515 1017; x_wconf 85' lang='lat' dir='ltr'>se,</span> <span class='ocrx_word' id='word_1_60' title='bbox 1567 938 1772 1002; x_wconf 89' lang='lat' dir='ltr'>invito</span> <span class='ocrx_word' id='word_1_61' title='bbox 1810 938 2001 1018; x_wconf 84' lang='lat' dir='ltr'>Jove,</span> <span class='ocrx_word' id='word_1_62' title='bbox 2055 937 2455 1003; x_wconf 91' lang='lat' dir='ltr'>liberandum</span> 
     </span>
     <span class='ocr_line' id='line_1_8' title="bbox 110 1023 2454 1103; baseline -0 -15"><span class='ocrx_word' id='word_1_63' title='bbox 110 1044 230 1088; x_wconf 76' lang='lat' dir='ltr'>esse</span> <span class='ocrx_word' id='word_1_64' title='bbox 272 1047 355 1090; x_wconf 77' lang='lat' dir='ltr'>ex</span> <span class='ocrx_word' id='word_1_65' title='bbox 419 1024 710 1103; x_wconf 76' lang='lat' dir='ltr'>vinculis,</span> <span class='ocrx_word' id='word_1_66' title='bbox 754 1040 826 1089; x_wconf 88' lang='lat' dir='ltr'>ut</span> <span class='ocrx_word' id='word_1_67' title='bbox 872 1046 1029 1089; x_wconf 87' lang='lat' dir='ltr'>sane</span> <span class='ocrx_word' id='word_1_68' title='bbox 1077 1023 1354 1100; x_wconf 82' lang='lat' dir='ltr'>fecisset,</span> <span class='ocrx_word' id='word_1_69' title='bbox 1409 1024 1462 1087; x_wconf 91' lang='lat' dir='ltr'>si</span> <span class='ocrx_word' id='word_1_70' title='bbox 1519 1023 1626 1089; x_wconf 90' lang='lat' dir='ltr'>hic</span> <span class='ocrx_word' id='word_1_71' title='bbox 1674 1047 1823 1088; x_wconf 90' lang='lat' dir='ltr'>cum</span> <span class='ocrx_word' id='word_1_72' title='bbox 1890 1024 2049 1089; x_wconf 91' lang='lat' dir='ltr'>Ione</span> <span class='ocrx_word' id='word_1_73' title='bbox 2096 1023 2454 1089; x_wconf 90' lang='lat' dir='ltr'>collocutus</span> 
     </span>
     <span class='ocr_line' id='line_1_9' title="bbox 115 1109 2456 1198; baseline 0 -26"><span class='ocrx_word' id='word_1_74' title='bbox 115 1109 329 1191; x_wconf 82' lang='lat' dir='ltr'>fuisset,</span> <span class='ocrx_word' id='word_1_75' title='bbox 379 1126 453 1176; x_wconf 90' lang='lat' dir='ltr'>ut</span> <span class='ocrx_word' id='word_1_76' title='bbox 499 1112 645 1176; x_wconf 88' lang='lat' dir='ltr'>libri</span> <span class='ocrx_word' id='word_1_77' title='bbox 700 1111 901 1175; x_wconf 86' lang='lat' dir='ltr'>nostri</span> <span class='ocrx_word' id='word_1_78' title='bbox 942 1111 1229 1190; x_wconf 88' lang='lat' dir='ltr'>habent;</span> <span class='ocrx_word' id='word_1_79' title='bbox 1273 1110 1383 1174; x_wconf 89' lang='lat' dir='ltr'>sed</span> <span class='ocrx_word' id='word_1_80' title='bbox 1415 1132 1482 1173; x_wconf 90' lang='lat' dir='ltr'>se</span> <span class='ocrx_word' id='word_1_81' title='bbox 1513 1109 1686 1174; x_wconf 90' lang='lat' dir='ltr'>nulla</span> <span class='ocrx_word' id='word_1_82' title='bbox 1714 1111 1776 1174; x_wconf 85' lang='lat' dir='ltr'>vi</span> <span class='ocrx_word' id='word_1_83' title='bbox 1818 1111 1993 1197; x_wconf 82' lang='lat' dir='ltr'>adigi</span> <span class='ocrx_word' id='word_1_84' title='bbox 2029 1132 2214 1198; x_wconf 89' lang='lat' dir='ltr'>posse</span> <span class='ocrx_word' id='word_1_85' title='bbox 2253 1111 2344 1174; x_wconf 87' lang='lat' dir='ltr'>ait</span> <span class='ocrx_word' id='word_1_86' title='bbox 2374 1109 2456 1174; x_wconf 85' lang='lat' dir='ltr'>ad</span> 
     </span>
     <span class='ocr_line' id='line_1_10' title="bbox 106 1195 2455 1284; baseline 0 -26"><span class='ocrx_word' id='word_1_87' title='bbox 106 1197 462 1281; x_wconf 76' lang='lat' dir='ltr'>aperiendas</span> <span class='ocrx_word' id='word_1_88' title='bbox 523 1213 691 1262; x_wconf 87' lang='lat' dir='ltr'>artes</span> <span class='ocrx_word' id='word_1_89' title='bbox 747 1198 984 1283; x_wconf 89' lang='lat' dir='ltr'>quibus</span> <span class='ocrx_word' id='word_1_90' title='bbox 1038 1195 1314 1282; x_wconf 85' lang='lat' dir='ltr'>imperio</span> <span class='ocrx_word' id='word_1_91' title='bbox 1374 1195 1707 1261; x_wconf 83' lang='lat' dir='ltr'>excideret</span> <span class='ocrx_word' id='word_1_92' title='bbox 1767 1196 2045 1284; x_wconf 83' lang='lat' dir='ltr'>Jupiter.</span> <span class='ocrx_word' id='word_1_93' title='bbox 2158 1196 2266 1261; x_wconf 90' lang='lat' dir='ltr'>Sic</span> <span class='ocrx_word' id='word_1_94' title='bbox 2321 1217 2455 1260; x_wconf 88' lang='lat' dir='ltr'>non</span> 
     </span>
     <span class='ocr_line' id='line_1_11' title="bbox 108 1281 2458 1358; baseline -0 -12"><span class='ocrx_word' id='word_1_95' title='bbox 108 1283 359 1349; x_wconf 80' lang='lat' dir='ltr'>obscure</span> <span class='ocrx_word' id='word_1_96' title='bbox 412 1285 683 1349; x_wconf 81' lang='lat' dir='ltr'>innuens</span> <span class='ocrx_word' id='word_1_97' title='bbox 724 1306 795 1347; x_wconf 86' lang='lat' dir='ltr'>se</span> <span class='ocrx_word' id='word_1_98' title='bbox 846 1282 997 1349; x_wconf 83' lang='lat' dir='ltr'>illud</span> <span class='ocrx_word' id='word_1_99' title='bbox 1040 1281 1262 1347; x_wconf 86' lang='lat' dir='ltr'>sedulo</span> <span class='ocrx_word' id='word_1_100' title='bbox 1293 1281 1640 1358; x_wconf 88' lang='lat' dir='ltr'>occultare,</span> <span class='ocrx_word' id='word_1_101' title='bbox 1689 1297 1760 1346; x_wconf 93' lang='lat' dir='ltr'>ut</span> <span class='ocrx_word' id='word_1_102' title='bbox 1789 1304 1870 1347; x_wconf 91' lang='lat' dir='ltr'>eo</span> <span class='ocrx_word' id='word_1_103' title='bbox 1898 1283 2338 1347; x_wconf 80' lang='lat' dir='ltr'>liberationem</span> <span class='ocrx_word' id='word_1_104' title='bbox 2373 1302 2458 1345; x_wconf 80' lang='lat' dir='ltr'>ex</span> 
     </span>
     <span class='ocr_line' id='line_1_12' title="bbox 112 1367 2462 1456; baseline 0.001 -27"><span class='ocrx_word' id='word_1_105' title='bbox 112 1367 356 1434; x_wconf 77' lang='lat' dir='ltr'>vinculis</span> <span class='ocrx_word' id='word_1_106' title='bbox 384 1394 427 1435; x_wconf 89' lang='lat' dir='ltr'>a</span> <span class='ocrx_word' id='word_1_107' title='bbox 452 1370 622 1437; x_wconf 83' lang='lat' dir='ltr'>Jove</span> <span class='ocrx_word' id='word_1_108' title='bbox 661 1370 1006 1448; x_wconf 90' lang='lat' dir='ltr'>obtineret,</span> <span class='ocrx_word' id='word_1_109' title='bbox 1046 1383 1115 1432; x_wconf 92' lang='lat' dir='ltr'>et</span> <span class='ocrx_word' id='word_1_110' title='bbox 1165 1368 1259 1434; x_wconf 86' lang='lat' dir='ltr'>sic</span> <span class='ocrx_word' id='word_1_111' title='bbox 1307 1383 1380 1432; x_wconf 87' lang='lat' dir='ltr'>ut</span> <span class='ocrx_word' id='word_1_112' title='bbox 1419 1391 1539 1432; x_wconf 90' lang='lat' dir='ltr'>nos</span> <span class='ocrx_word' id='word_1_113' title='bbox 1583 1369 1855 1456; x_wconf 85' lang='lat' dir='ltr'>legimus</span> <span class='ocrx_word' id='word_1_114' title='bbox 1884 1371 1965 1432; x_wconf 89' lang='lat' dir='ltr'>ad</span> <span class='ocrx_word' id='word_1_115' title='bbox 1998 1386 2280 1432; x_wconf 88' lang='lat' dir='ltr'>mentem</span> <span class='ocrx_word' id='word_1_116' title='bbox 2314 1369 2462 1432; x_wconf 83' lang='lat' dir='ltr'>AEs-</span> 
     </span>
     <span class='ocr_line' id='line_1_13' title="bbox 108 1452 2459 1541; baseline 0 -24"><span class='ocrx_word' id='word_1_117' title='bbox 108 1452 282 1540; x_wconf 82' lang='lat' dir='ltr'>chyli,</span> <span class='ocrx_word' id='word_1_118' title='bbox 303 1459 541 1540; x_wconf 70' lang='grc' dir='ltr'>ἄςχωτος</span> <span class='ocrx_word' id='word_1_119' title='bbox 568 1462 685 1526; x_wconf 74' lang='grc' dir='ltr'>Διὸς</span> <span class='ocrx_word' id='word_1_120' title='bbox 715 1456 1087 1521; x_wconf 81' lang='lat' dir='ltr'>liberaretur</span> <span class='ocrx_word' id='word_1_121' title='bbox 1114 1453 1482 1539; x_wconf 81' lang='lat' dir='ltr'>aliquande.</span> <span class='ocrx_word' id='word_1_122' title='bbox 1554 1454 1596 1520; x_wconf 99' lang='lat' dir='ltr'>J</span> <span class='ocrx_word' id='word_1_123' title='bbox 1605 1477 1771 1541; x_wconf 84' lang='lat' dir='ltr'>unge</span> <span class='ocrx_word' id='word_1_124' title='bbox 1792 1477 1931 1540; x_wconf 80' lang='lat' dir='ltr'>quae</span> <span class='ocrx_word' id='word_1_125' title='bbox 1966 1454 2459 1519; x_wconf 79' lang='lat' dir='ltr'>oceanitidibus</span> 
     </span>
     <span class='ocr_line' id='line_1_14' title="bbox 104 1539 2461 1630; baseline 0.001 -28"><span class='ocrx_word' id='word_1_126' title='bbox 104 1539 257 1605; x_wconf 78' lang='lat' dir='ltr'>dixit</span> <span class='ocrx_word' id='word_1_127' title='bbox 278 1565 495 1630; x_wconf 86' lang='lat' dir='ltr'>supra,</span> <span class='ocrx_word' id='word_1_128' title='bbox 536 1557 597 1619; x_wconf 59' lang='lat' dir='ltr'>r.</span> <span class='ocrx_word' id='word_1_129' title='bbox 618 1552 767 1608; x_wconf 72' lang='lat'>521.</span> <span class='ocrx_word' id='word_1_130' title='bbox 796 1558 865 1607; x_wconf 91' lang='lat' dir='ltr'>et</span> <span class='ocrx_word' id='word_1_131' title='bbox 887 1564 1019 1628; x_wconf 87' lang='lat' dir='ltr'>seq.</span> <span class='ocrx_word' id='word_1_132' title='bbox 1098 1541 1348 1605; x_wconf 64' lang='lat' dir='ltr'>PAuw.</span> <span class='ocrx_word' id='word_1_133' title='bbox 1473 1541 1857 1606; x_wconf 83' lang='lat' dir='ltr'>Emendatio</span> <span class='ocrx_word' id='word_1_134' title='bbox 1905 1542 2143 1606; x_wconf 87' lang='lat' dir='ltr'>Pauwii</span> <span class='ocrx_word' id='word_1_135' title='bbox 2182 1542 2332 1605; x_wconf 87' lang='lat' dir='ltr'>satis</span> <span class='ocrx_word' id='word_1_136' title='bbox 2362 1555 2461 1604; x_wconf 90' lang='lat' dir='ltr'>est</span> 
     </span>
     <span class='ocr_line' id='line_1_15' title="bbox 107 1626 2455 1716; baseline 0.001 -28"><span class='ocrx_word' id='word_1_137' title='bbox 107 1648 134 1688; x_wconf 83' lang='lat' dir='ltr'>s</span> <span class='ocrx_word' id='word_1_138' title='bbox 245 1629 396 1707; x_wconf 84' lang='lat' dir='ltr'>iosa,</span> <span class='ocrx_word' id='word_1_139' title='bbox 443 1630 669 1710; x_wconf 81' lang='lat' dir='ltr'>fateor,</span> <span class='ocrx_word' id='word_1_140' title='bbox 735 1629 847 1694; x_wconf 89' lang='lat' dir='ltr'>sed</span> <span class='ocrx_word' id='word_1_141' title='bbox 905 1629 1152 1694; x_wconf 90' lang='lat' dir='ltr'>duabus</span> <span class='ocrx_word' id='word_1_142' title='bbox 1206 1627 1531 1716; x_wconf 84' lang='lat' dir='ltr'>praecipue</span> <span class='ocrx_word' id='word_1_143' title='bbox 1590 1626 2065 1713; x_wconf 83' lang='lat' dir='ltr'>objectionibus</span> <span class='ocrx_word' id='word_1_144' title='bbox 2124 1626 2455 1715; x_wconf 83' lang='lat' dir='ltr'>premitur.</span> 
     </span>
    </p>

    <p class='ocr_par' dir='ltr' id='par_1_3' title="bbox 96 1714 2462 3871">
     <span class='ocr_line' id='line_1_16' title="bbox 203 1714 2459 1801; baseline 0 -25"><span class='ocrx_word' id='word_1_145' title='bbox 203 1735 377 1778; x_wconf 86' lang='lat' dir='ltr'>arum</span> <span class='ocrx_word' id='word_1_146' title='bbox 412 1738 541 1779; x_wconf 82' lang='lat' dir='ltr'>una</span> <span class='ocrx_word' id='word_1_147' title='bbox 567 1731 686 1795; x_wconf 88' lang='lat' dir='ltr'>est,</span> <span class='ocrx_word' id='word_1_148' title='bbox 730 1715 905 1800; x_wconf 89' lang='lat' dir='ltr'>quod</span> <span class='ocrx_word' id='word_1_149' title='bbox 938 1714 1208 1779; x_wconf 87' lang='lat' dir='ltr'>eandem</span> <span class='ocrx_word' id='word_1_150' title='bbox 1259 1736 1516 1801; x_wconf 89' lang='lat' dir='ltr'>prorsus</span> <span class='ocrx_word' id='word_1_151' title='bbox 1568 1735 1646 1778; x_wconf 86' lang='lat' dir='ltr'>ac</span> <span class='ocrx_word' id='word_1_152' title='bbox 1691 1714 1793 1777; x_wconf 89' lang='lat' dir='ltr'>vul</span> <span class='ocrx_word' id='word_1_153' title='bbox 1843 1730 1948 1778; x_wconf 89' lang='lat' dir='ltr'>ata</span> <span class='ocrx_word' id='word_1_154' title='bbox 1979 1715 2172 1780; x_wconf 87' lang='lat' dir='ltr'>lectio</span> <span class='ocrx_word' id='word_1_155' title='bbox 2204 1729 2459 1777; x_wconf 88' lang='lat' dir='ltr'>senten-</span> 
     </span>
     <span class='ocr_line' id='line_1_17' title="bbox 108 1798 2461 1887; baseline 0.001 -27"><span class='ocrx_word' id='word_1_156' title='bbox 108 1798 244 1871; x_wconf 75' lang='lat' dir='ltr'>tiam</span> <span class='ocrx_word' id='word_1_157' title='bbox 271 1824 341 1864; x_wconf 84' lang='lat' dir='ltr'>su</span> <span class='ocrx_word' id='word_1_158' title='bbox 441 1824 619 1866; x_wconf 86' lang='lat' dir='ltr'>erere</span> <span class='ocrx_word' id='word_1_159' title='bbox 662 1801 936 1879; x_wconf 82' lang='lat' dir='ltr'>videtur,</span> <span class='ocrx_word' id='word_1_160' title='bbox 996 1798 1154 1869; x_wconf 74' lang='lat' dir='ltr'>Quis</span> <span class='ocrx_word' id='word_1_161' title='bbox 1197 1810 1257 1864; x_wconf 83' lang='lat' dir='ltr'>te</span> <span class='ocrx_word' id='word_1_162' title='bbox 1297 1799 1609 1865; x_wconf 76' lang='lat' dir='ltr'>soluturus</span> <span class='ocrx_word' id='word_1_163' title='bbox 1652 1810 1739 1865; x_wconf 78' lang='lat' dir='ltr'>est</span> <span class='ocrx_word' id='word_1_164' title='bbox 1841 1823 1950 1865; x_wconf 73' lang='lat' dir='ltr'>ove</span> <span class='ocrx_word' id='word_1_165' title='bbox 1989 1800 2309 1887; x_wconf 83' lang='lat' dir='ltr'>imperium</span> <span class='ocrx_word' id='word_1_166' title='bbox 2350 1800 2461 1864; x_wconf 86' lang='lat' dir='ltr'>ob-</span> 
     </span>
     <span class='ocr_line' id='line_1_18' title="bbox 108 1884 2456 1953; baseline 0.002 -8"><span class='ocrx_word' id='word_1_167' title='bbox 108 1884 354 1950; x_wconf 73' lang='lat' dir='ltr'>tinente.</span> <span class='ocrx_word' id='word_1_168' title='bbox 463 1889 701 1952; x_wconf 88' lang='lat' dir='ltr'>Nonne</span> <span class='ocrx_word' id='word_1_169' title='bbox 747 1886 892 1951; x_wconf 87' lang='lat' dir='ltr'>haec</span> <span class='ocrx_word' id='word_1_170' title='bbox 941 1889 1134 1951; x_wconf 89' lang='lat' dir='ltr'>verba</span> <span class='ocrx_word' id='word_1_171' title='bbox 1177 1886 1442 1951; x_wconf 90' lang='lat' dir='ltr'>innuere</span> <span class='ocrx_word' id='word_1_172' title='bbox 1488 1887 1784 1953; x_wconf 88' lang='lat' dir='ltr'>videntur</span> <span class='ocrx_word' id='word_1_173' title='bbox 1828 1909 1975 1950; x_wconf 89' lang='lat' dir='ltr'>eum</span> <span class='ocrx_word' id='word_1_174' title='bbox 2018 1902 2244 1951; x_wconf 87' lang='lat' dir='ltr'>contra</span> <span class='ocrx_word' id='word_1_175' title='bbox 2272 1885 2456 1951; x_wconf 89' lang='lat' dir='ltr'>Jovis</span> 
     </span>
     <span class='ocr_line' id='line_1_19' title="bbox 106 1969 2459 2070; baseline 0.002 -39"><span class='ocrx_word' id='word_1_176' title='bbox 106 1969 649 2070; x_wconf 85' lang='lat' dir='ltr'>imperium,cujus</span> <span class='ocrx_word' id='word_1_177' title='bbox 668 1974 849 2059; x_wconf 86' lang='lat' dir='ltr'>jussu</span> <span class='ocrx_word' id='word_1_178' title='bbox 878 1972 1301 2038; x_wconf 84' lang='lat' dir='ltr'>Prometheus</span> <span class='ocrx_word' id='word_1_179' title='bbox 1324 1972 1593 2060; x_wconf 83' lang='lat' dir='ltr'>scopulo</span> <span class='ocrx_word' id='word_1_180' title='bbox 1611 1973 1842 2037; x_wconf 81' lang='lat' dir='ltr'>affixus</span> <span class='ocrx_word' id='word_1_181' title='bbox 1866 1973 2459 2052; x_wconf 86' lang='lat' dir='ltr'>fuerat,-facturum,</span> 
     </span>
     <span class='ocr_line' id='line_1_20' title="bbox 106 2058 2456 2145; baseline 0.002 -26"><span class='ocrx_word' id='word_1_182' title='bbox 106 2078 200 2139; x_wconf 82' lang='lat' dir='ltr'>qut</span> <span class='ocrx_word' id='word_1_183' title='bbox 251 2058 427 2124; x_wconf 90' lang='lat' dir='ltr'>hunc</span> <span class='ocrx_word' id='word_1_184' title='bbox 480 2061 631 2125; x_wconf 87' lang='lat' dir='ltr'>inde</span> <span class='ocrx_word' id='word_1_185' title='bbox 692 2060 1030 2125; x_wconf 83' lang='lat' dir='ltr'>liberaret?</span> <span class='ocrx_word' id='word_1_186' title='bbox 1113 2058 1320 2124; x_wconf 84' lang='lat' dir='ltr'>Juxta</span> <span class='ocrx_word' id='word_1_187' title='bbox 1360 2059 1602 2123; x_wconf 87' lang='lat' dir='ltr'>Pauwii</span> <span class='ocrx_word' id='word_1_188' title='bbox 1645 2060 2025 2123; x_wconf 84' lang='lat' dir='ltr'>sententiam</span> <span class='ocrx_word' id='word_1_189' title='bbox 2063 2062 2153 2123; x_wconf 89' lang='lat' dir='ltr'>ita</span> <span class='ocrx_word' id='word_1_190' title='bbox 2193 2059 2456 2145; x_wconf 89' lang='lat' dir='ltr'>quidem</span> 
     </span>
     <span class='ocr_line' id='line_1_21' title="bbox 106 2140 2457 2231; baseline 0.002 -27"><span class='ocrx_word' id='word_1_191' title='bbox 106 2140 297 2208; x_wconf 83' lang='lat' dir='ltr'>locum</span> <span class='ocrx_word' id='word_1_192' title='bbox 332 2146 501 2211; x_wconf 82' lang='lat' dir='ltr'>inter</span> <span class='ocrx_word' id='word_1_193' title='bbox 551 2146 736 2211; x_wconf 88' lang='lat' dir='ltr'>retari</span> <span class='ocrx_word' id='word_1_194' title='bbox 770 2148 1116 2212; x_wconf 88' lang='lat' dir='ltr'>debemus:</span> <span class='ocrx_word' id='word_1_195' title='bbox 1165 2146 1328 2217; x_wconf 84' lang='lat' dir='ltr'>Quis</span> <span class='ocrx_word' id='word_1_196' title='bbox 1361 2145 1558 2231; x_wconf 87' lang='lat' dir='ltr'>igitur</span> <span class='ocrx_word' id='word_1_197' title='bbox 1587 2160 1685 2209; x_wconf 89' lang='lat' dir='ltr'>est</span> <span class='ocrx_word' id='word_1_198' title='bbox 1713 2144 1817 2209; x_wconf 92' lang='lat' dir='ltr'>ille</span> <span class='ocrx_word' id='word_1_199' title='bbox 1849 2146 2047 2230; x_wconf 91' lang='lat' dir='ltr'>quite</span> <span class='ocrx_word' id='word_1_200' title='bbox 2077 2144 2457 2209; x_wconf 80' lang='lat' dir='ltr'>liberaturus</span> 
     </span>
     <span class='ocr_line' id='line_1_22' title="bbox 103 2170 2458 2333; baseline 0.002 -42"><span class='ocrx_word' id='word_1_201' title='bbox 103 2242 205 2307; x_wconf 85' lang='lat' dir='ltr'>est,</span> <span class='ocrx_word' id='word_1_202' title='bbox 245 2231 405 2296; x_wconf 86' lang='lat' dir='ltr'>dum</span> <span class='ocrx_word' id='word_1_203' title='bbox 450 2170 664 2298; x_wconf 53' lang='lat' dir='ltr'>affhuc</span> <span class='ocrx_word' id='word_1_204' title='bbox 710 2232 971 2333; x_wconf 79' lang='lat' dir='ltr'>Jupiter</span> <span class='ocrx_word' id='word_1_205' title='bbox 1018 2232 1087 2295; x_wconf 88' lang='lat' dir='ltr'>in</span> <span class='ocrx_word' id='word_1_206' title='bbox 1142 2232 1414 2318; x_wconf 87' lang='lat' dir='ltr'>imperio</span> <span class='ocrx_word' id='word_1_207' title='bbox 1459 2232 1849 2296; x_wconf 85' lang='lat' dir='ltr'>constitutus</span> <span class='ocrx_word' id='word_1_208' title='bbox 1895 2246 2135 2309; x_wconf 88' lang='lat' dir='ltr'>manet,</span> <span class='ocrx_word' id='word_1_209' title='bbox 2180 2246 2248 2294; x_wconf 89' lang='lat' dir='ltr'>et</span> <span class='ocrx_word' id='word_1_210' title='bbox 2275 2246 2458 2295; x_wconf 88' lang='lat' dir='ltr'>aute-</span> 
     </span>
     <span class='ocr_line' id='line_1_23' title="bbox 98 2316 2460 2407; baseline 0 -26"><span class='ocrx_word' id='word_1_211' title='bbox 98 2334 275 2398; x_wconf 77' lang='lat' dir='ltr'>quam</span> <span class='ocrx_word' id='word_1_212' title='bbox 308 2340 515 2407; x_wconf 82' lang='lat' dir='ltr'>regno</span> <span class='ocrx_word' id='word_1_213' title='bbox 545 2319 885 2397; x_wconf 75' lang='lat' dir='ltr'>exciderit,</span> <span class='ocrx_word' id='word_1_214' title='bbox 927 2319 1093 2383; x_wconf 88' lang='lat' dir='ltr'>adeo</span> <span class='ocrx_word' id='word_1_215' title='bbox 1136 2333 1209 2382; x_wconf 92' lang='lat' dir='ltr'>ut</span> <span class='ocrx_word' id='word_1_216' title='bbox 1240 2317 1596 2405; x_wconf 88' lang='lat' dir='ltr'>periculum</span> <span class='ocrx_word' id='word_1_217' title='bbox 1628 2318 1794 2381; x_wconf 88' lang='lat' dir='ltr'>istud</span> <span class='ocrx_word' id='word_1_218' title='bbox 1824 2318 1909 2381; x_wconf 88' lang='lat' dir='ltr'>ab</span> <span class='ocrx_word' id='word_1_219' title='bbox 1941 2316 2047 2381; x_wconf 93' lang='lat' dir='ltr'>illo</span> <span class='ocrx_word' id='word_1_220' title='bbox 2078 2333 2361 2381; x_wconf 87' lang='lat' dir='ltr'>avertere</span> <span class='ocrx_word' id='word_1_221' title='bbox 2392 2333 2460 2381; x_wconf 90' lang='lat' dir='ltr'>et</span> 
     </span>
     <span class='ocr_line' id='line_1_24' title="bbox 106 2400 2452 2490; baseline 0 -24"><span class='ocrx_word' id='word_1_222' title='bbox 106 2400 291 2468; x_wconf 78' lang='lat' dir='ltr'>valeas</span> <span class='ocrx_word' id='word_1_223' title='bbox 326 2419 404 2469; x_wconf 87' lang='lat' dir='ltr'>et</span> <span class='ocrx_word' id='word_1_224' title='bbox 454 2404 654 2471; x_wconf 82' lang='lat' dir='ltr'>velis?</span> <span class='ocrx_word' id='word_1_225' title='bbox 738 2405 867 2471; x_wconf 86' lang='lat' dir='ltr'>Sed</span> <span class='ocrx_word' id='word_1_226' title='bbox 919 2406 971 2469; x_wconf 83' lang='lat' dir='ltr'>si</span> <span class='ocrx_word' id='word_1_227' title='bbox 1026 2427 1107 2468; x_wconf 92' lang='lat' dir='ltr'>ea</span> <span class='ocrx_word' id='word_1_228' title='bbox 1152 2426 1332 2468; x_wconf 90' lang='lat' dir='ltr'>mens</span> <span class='ocrx_word' id='word_1_229' title='bbox 1376 2418 1571 2490; x_wconf 88' lang='lat' dir='ltr'>poeta</span> <span class='ocrx_word' id='word_1_230' title='bbox 1618 2404 2127 2482; x_wconf 88' lang='lat' dir='ltr'>revera.fuisset,</span> <span class='ocrx_word' id='word_1_231' title='bbox 2171 2418 2452 2467; x_wconf 87' lang='lat' dir='ltr'>mentem</span> 
     </span>
     <span class='ocr_line' id='line_1_25' title="bbox 100 2488 2454 2589; baseline 0.001 -37"><span class='ocrx_word' id='word_1_232' title='bbox 100 2506 227 2552; x_wconf 76' lang='lat' dir='ltr'>eam</span> <span class='ocrx_word' id='word_1_233' title='bbox 275 2490 486 2578; x_wconf 84' lang='lat' dir='ltr'>magis</span> <span class='ocrx_word' id='word_1_234' title='bbox 536 2492 875 2580; x_wconf 87' lang='lat' dir='ltr'>perspicue</span> <span class='ocrx_word' id='word_1_235' title='bbox 916 2492 1282 2578; x_wconf 77' lang='lat' dir='ltr'>exprimere</span> <span class='ocrx_word' id='word_1_236' title='bbox 1329 2506 1398 2554; x_wconf 90' lang='lat' dir='ltr'>et</span> <span class='ocrx_word' id='word_1_237' title='bbox 1444 2490 1757 2589; x_wconf 88' lang='lat' dir='ltr'>potuisset</span> <span class='ocrx_word' id='word_1_238' title='bbox 1784 2504 1851 2554; x_wconf 91' lang='lat' dir='ltr'>et</span> <span class='ocrx_word' id='word_1_239' title='bbox 1880 2490 2222 2555; x_wconf 86' lang='lat' dir='ltr'>debuisset.</span> <span class='ocrx_word' id='word_1_240' title='bbox 2309 2488 2454 2555; x_wconf 71' lang='lat' dir='ltr'>Nec</span> 
     </span>
     <span class='ocr_line' id='line_1_26' title="bbox 104 2575 2454 2662; baseline 0.001 -25"><span class='ocrx_word' id='word_1_241' title='bbox 104 2593 305 2658; x_wconf 84' lang='lat' dir='ltr'>parum</span> <span class='ocrx_word' id='word_1_242' title='bbox 358 2578 606 2641; x_wconf 86' lang='lat' dir='ltr'>roboris</span> <span class='ocrx_word' id='word_1_243' title='bbox 652 2577 804 2643; x_wconf 89' lang='lat' dir='ltr'>huic</span> <span class='ocrx_word' id='word_1_244' title='bbox 851 2577 1204 2662; x_wconf 82' lang='lat' dir='ltr'>objectioni</span> <span class='ocrx_word' id='word_1_245' title='bbox 1236 2577 1494 2641; x_wconf 74' lang='lat' dir='ltr'>accedit</span> <span class='ocrx_word' id='word_1_246' title='bbox 1537 2599 1620 2641; x_wconf 84' lang='lat' dir='ltr'>ex</span> <span class='ocrx_word' id='word_1_247' title='bbox 1652 2575 1869 2655; x_wconf 84' lang='lat' dir='ltr'>altera,</span> <span class='ocrx_word' id='word_1_248' title='bbox 1913 2598 2053 2661; x_wconf 86' lang='lat' dir='ltr'>quae</span> <span class='ocrx_word' id='word_1_249' title='bbox 2088 2575 2454 2661; x_wconf 87' lang='lat' dir='ltr'>hujusmodi</span> 
     </span>
     <span class='ocr_line' id='line_1_27' title="bbox 96 2661 2454 2742; baseline 0 -18"><span class='ocrx_word' id='word_1_250' title='bbox 96 2674 205 2725; x_wconf 81' lang='lat' dir='ltr'>est.</span> <span class='ocrx_word' id='word_1_251' title='bbox 284 2663 356 2726; x_wconf 85' lang='lat' dir='ltr'>Si</span> <span class='ocrx_word' id='word_1_252' title='bbox 418 2662 587 2729; x_wconf 83' lang='lat' dir='ltr'>Jove</span> <span class='ocrx_word' id='word_1_253' title='bbox 632 2663 888 2729; x_wconf 87' lang='lat' dir='ltr'>volente</span> <span class='ocrx_word' id='word_1_254' title='bbox 939 2663 1304 2729; x_wconf 86' lang='lat' dir='ltr'>liberandus</span> <span class='ocrx_word' id='word_1_255' title='bbox 1352 2678 1492 2728; x_wconf 90' lang='lat' dir='ltr'>erat</span> <span class='ocrx_word' id='word_1_256' title='bbox 1535 2662 1976 2742; x_wconf 84' lang='lat' dir='ltr'>Prometheus,</span> <span class='ocrx_word' id='word_1_257' title='bbox 2021 2662 2194 2726; x_wconf 90' lang='lat' dir='ltr'>unde</span> <span class='ocrx_word' id='word_1_258' title='bbox 2241 2661 2341 2725; x_wconf 88' lang='lat' dir='ltr'>loi</span> <span class='ocrx_word' id='word_1_259' title='bbox 2386 2662 2454 2725; x_wconf 89' lang='lat' dir='ltr'>in</span> 
     </span>
     <span class='ocr_line' id='line_1_28' title="bbox 103 2748 2454 2838; baseline 0.001 -29"><span class='ocrx_word' id='word_1_260' title='bbox 103 2761 374 2814; x_wconf 87' lang='lat' dir='ltr'>mentem</span> <span class='ocrx_word' id='word_1_261' title='bbox 433 2751 649 2814; x_wconf 89' lang='lat' dir='ltr'>venire</span> <span class='ocrx_word' id='word_1_262' title='bbox 700 2764 975 2838; x_wconf 88' lang='lat' dir='ltr'>poterat,</span> <span class='ocrx_word' id='word_1_263' title='bbox 1019 2750 1214 2815; x_wconf 84' lang='lat' dir='ltr'>alium</span> <span class='ocrx_word' id='word_1_264' title='bbox 1252 2771 1618 2836; x_wconf 86' lang='lat' dir='ltr'>quenquam</span> <span class='ocrx_word' id='word_1_265' title='bbox 1673 2748 1811 2834; x_wconf 85' lang='lat' dir='ltr'>ejus</span> <span class='ocrx_word' id='word_1_266' title='bbox 1864 2749 2266 2813; x_wconf 89' lang='lat' dir='ltr'>liberatorem</span> <span class='ocrx_word' id='word_1_267' title='bbox 2316 2769 2454 2812; x_wconf 87' lang='lat' dir='ltr'>esse</span> 
     </span>
     <span class='ocr_line' id='line_1_29' title="bbox 98 2830 2456 2924; baseline 0.003 -30"><span class='ocrx_word' id='word_1_268' title='bbox 98 2830 342 2911; x_wconf 80' lang='lat' dir='ltr'>debere,</span> <span class='ocrx_word' id='word_1_269' title='bbox 395 2850 621 2921; x_wconf 84' lang='lat' dir='ltr'>praeter</span> <span class='ocrx_word' id='word_1_270' title='bbox 668 2836 874 2924; x_wconf 85' lang='lat' dir='ltr'>ipsum</span> <span class='ocrx_word' id='word_1_271' title='bbox 903 2836 1163 2914; x_wconf 88' lang='lat' dir='ltr'>Jovem,</span> <span class='ocrx_word' id='word_1_272' title='bbox 1192 2852 1304 2900; x_wconf 89' lang='lat' dir='ltr'>aut</span> <span class='ocrx_word' id='word_1_273' title='bbox 1334 2836 1558 2900; x_wconf 86' lang='lat' dir='ltr'>saltem</span> <span class='ocrx_word' id='word_1_274' title='bbox 1597 2834 1736 2920; x_wconf 85' lang='lat' dir='ltr'>ejus</span> <span class='ocrx_word' id='word_1_275' title='bbox 1775 2835 2099 2900; x_wconf 88' lang='lat' dir='ltr'>ministros</span> <span class='ocrx_word' id='word_1_276' title='bbox 2146 2835 2257 2920; x_wconf 90' lang='lat' dir='ltr'>qui</span> <span class='ocrx_word' id='word_1_277' title='bbox 2303 2856 2456 2900; x_wconf 87' lang='lat' dir='ltr'>eum</span> 
     </span>
     <span class='ocr_line' id='line_1_30' title="bbox 102 2919 2455 3013; baseline 0 -29"><span class='ocrx_word' id='word_1_278' title='bbox 102 2919 229 3013; x_wconf 58' lang='lat' dir='ltr'>rupi</span> <span class='ocrx_word' id='word_1_279' title='bbox 276 2920 654 2986; x_wconf 79' lang='lat' dir='ltr'>affixerant?</span> <span class='ocrx_word' id='word_1_280' title='bbox 742 2921 875 2987; x_wconf 84' lang='lat' dir='ltr'>Ista</span> <span class='ocrx_word' id='word_1_281' title='bbox 918 2923 1351 2988; x_wconf 82' lang='lat' dir='ltr'>consideratio</span> <span class='ocrx_word' id='word_1_282' title='bbox 1401 2923 1668 2987; x_wconf 87' lang='lat' dir='ltr'>suadere</span> <span class='ocrx_word' id='word_1_283' title='bbox 1715 2923 1985 2996; x_wconf 88' lang='lat' dir='ltr'>videtur,</span> <span class='ocrx_word' id='word_1_284' title='bbox 2049 2920 2125 2984; x_wconf 94' lang='lat' dir='ltr'>Io</span> <span class='ocrx_word' id='word_1_285' title='bbox 2179 2935 2455 3007; x_wconf 86' lang='lat' dir='ltr'>putasse,</span> 
     </span>
     <span class='ocr_line' id='line_1_31' title="bbox 102 3006 2457 3086; baseline 0.003 -22"><span class='ocrx_word' id='word_1_286' title='bbox 102 3006 288 3071; x_wconf 77' lang='lat' dir='ltr'>invito</span> <span class='ocrx_word' id='word_1_287' title='bbox 317 3007 509 3083; x_wconf 93' lang='lat' dir='ltr'>Jove,</span> <span class='ocrx_word' id='word_1_288' title='bbox 563 3006 965 3074; x_wconf 86' lang='lat' dir='ltr'>liberandum</span> <span class='ocrx_word' id='word_1_289' title='bbox 1015 3031 1151 3073; x_wconf 86' lang='lat' dir='ltr'>esse</span> <span class='ocrx_word' id='word_1_290' title='bbox 1196 3008 1692 3086; x_wconf 80' lang='lat' dir='ltr'>Prometheum3</span> <span class='ocrx_word' id='word_1_291' title='bbox 1735 3030 1867 3072; x_wconf 91' lang='lat' dir='ltr'>non</span> <span class='ocrx_word' id='word_1_292' title='bbox 1926 3007 2098 3072; x_wconf 88' lang='lat' dir='ltr'>enim</span> <span class='ocrx_word' id='word_1_293' title='bbox 2144 3007 2328 3070; x_wconf 90' lang='lat' dir='ltr'>aliter</span> <span class='ocrx_word' id='word_1_294' title='bbox 2374 3007 2457 3072; x_wconf 91' lang='lat' dir='ltr'>de</span> 
     </span>
     <span class='ocr_line' id='line_1_32' title="bbox 97 3089 2456 3182; baseline 0.003 -31"><span class='ocrx_word' id='word_1_295' title='bbox 97 3089 213 3153; x_wconf 88' lang='lat' dir='ltr'>alio</span> <span class='ocrx_word' id='word_1_296' title='bbox 257 3093 621 3172; x_wconf 86' lang='lat' dir='ltr'>liberatore,</span> <span class='ocrx_word' id='word_1_297' title='bbox 664 3096 1021 3182; x_wconf 88' lang='lat' dir='ltr'>imperante</span> <span class='ocrx_word' id='word_1_298' title='bbox 1065 3094 1256 3173; x_wconf 86' lang='lat' dir='ltr'>Jove,</span> <span class='ocrx_word' id='word_1_299' title='bbox 1301 3094 1476 3158; x_wconf 89' lang='lat' dir='ltr'>illico</span> <span class='ocrx_word' id='word_1_300' title='bbox 1520 3094 1891 3180; x_wconf 87' lang='lat' dir='ltr'>cogitasset.</span> <span class='ocrx_word' id='word_1_301' title='bbox 1981 3092 2106 3156; x_wconf 88' lang='lat' dir='ltr'>Sed</span> <span class='ocrx_word' id='word_1_302' title='bbox 2141 3114 2271 3155; x_wconf 88' lang='lat' dir='ltr'>non</span> <span class='ocrx_word' id='word_1_303' title='bbox 2314 3091 2456 3157; x_wconf 86' lang='lat' dir='ltr'>haec</span> 
     </span>
     <span class='ocr_line' id='line_1_33' title="bbox 99 3178 2457 3277; baseline 0.001 -38"><span class='ocrx_word' id='word_1_304' title='bbox 99 3178 246 3241; x_wconf 84' lang='lat' dir='ltr'>tanti</span> <span class='ocrx_word' id='word_1_305' title='bbox 292 3180 599 3277; x_wconf 87' lang='lat' dir='ltr'>ponderis</span> <span class='ocrx_word' id='word_1_306' title='bbox 642 3202 780 3245; x_wconf 86' lang='lat' dir='ltr'>esse</span> <span class='ocrx_word' id='word_1_307' title='bbox 829 3181 1156 3259; x_wconf 81' lang='lat' dir='ltr'>existimO,</span> <span class='ocrx_word' id='word_1_308' title='bbox 1199 3195 1273 3243; x_wconf 89' lang='lat' dir='ltr'>ut</span> <span class='ocrx_word' id='word_1_309' title='bbox 1318 3180 1467 3244; x_wconf 88' lang='lat' dir='ltr'>ideo</span> <span class='ocrx_word' id='word_1_310' title='bbox 1518 3178 1958 3263; x_wconf 84' lang='lat' dir='ltr'>conjecturam</span> <span class='ocrx_word' id='word_1_311' title='bbox 2005 3180 2190 3242; x_wconf 86' lang='lat' dir='ltr'>istam</span> <span class='ocrx_word' id='word_1_312' title='bbox 2239 3179 2457 3242; x_wconf 86' lang='lat' dir='ltr'>statim</span> 
     </span>
     <span class='ocr_line' id='line_1_34' title="bbox 100 3263 2454 3356; baseline 0.002 -32"><span class='ocrx_word' id='word_1_313' title='bbox 100 3282 160 3324; x_wconf 81' lang='lat' dir='ltr'>re</span> <span class='ocrx_word' id='word_1_314' title='bbox 202 3264 550 3331; x_wconf 76' lang='lat' dir='ltr'>adtendam</span> <span class='ocrx_word' id='word_1_315' title='bbox 583 3280 842 3353; x_wconf 83' lang='lat' dir='ltr'>putem:</span> <span class='ocrx_word' id='word_1_316' title='bbox 888 3266 1328 3356; x_wconf 88' lang='lat' dir='ltr'>ampliandum</span> <span class='ocrx_word' id='word_1_317' title='bbox 1371 3287 1509 3330; x_wconf 85' lang='lat' dir='ltr'>esse</span> <span class='ocrx_word' id='word_1_318' title='bbox 1541 3280 1788 3329; x_wconf 89' lang='lat' dir='ltr'>tantum</span> <span class='ocrx_word' id='word_1_319' title='bbox 1820 3286 2074 3329; x_wconf 78' lang='lat' dir='ltr'>censeo,</span> <span class='ocrx_word' id='word_1_320' title='bbox 2151 3263 2454 3328; x_wconf 75' lang='grc' dir='ltr'><strong>ΗΕΑΤΗ.</strong></span> 
     </span>
     <span class='ocr_line' id='line_1_35' title="bbox 98 3286 2454 3438; baseline 0.003 -28"><span class='ocrx_word' id='word_1_321' title='bbox 98 3286 201 3412; x_wconf 47' lang='lat' dir='ltr'>CR</span> <span class='ocrx_word' id='word_1_322' title='bbox 244 3360 480 3425; x_wconf 56' lang='lat' dir='ltr'>molo.</span> <span class='ocrx_word' id='word_1_323' title='bbox 533 3369 602 3417; x_wconf 88' lang='lat' dir='ltr'>et</span> <span class='ocrx_word' id='word_1_324' title='bbox 646 3374 780 3438; x_wconf 90' lang='lat' dir='ltr'>seq.</span> <span class='ocrx_word' id='word_1_325' title='bbox 857 3360 1004 3425; x_wconf 84' lang='lat'>870.</span> <span class='ocrx_word' id='word_1_326' title='bbox 1054 3367 1122 3417; x_wconf 90' lang='lat' dir='ltr'>et</span> <span class='ocrx_word' id='word_1_327' title='bbox 1155 3374 1332 3438; x_wconf 90' lang='lat' dir='ltr'>seqq.</span> <span class='ocrx_word' id='word_1_328' title='bbox 1406 3360 1559 3424; x_wconf 76' lang='lat'>912.</span> <span class='ocrx_word' id='word_1_329' title='bbox 1603 3367 1664 3415; x_wconf 91' lang='lat' dir='ltr'>et</span> <span class='ocrx_word' id='word_1_330' title='bbox 1720 3372 1899 3437; x_wconf 87' lang='lat' dir='ltr'>seqq.</span> <span class='ocrx_word' id='word_1_331' title='bbox 1971 3358 2120 3423; x_wconf 78' lang='lat'>988.</span> <span class='ocrx_word' id='word_1_332' title='bbox 2168 3363 2235 3413; x_wconf 92' lang='lat' dir='ltr'>et</span> <span class='ocrx_word' id='word_1_333' title='bbox 2271 3370 2454 3435; x_wconf 86' lang='lat' dir='ltr'>seqq.</span> 
     </span>
     <span class='ocr_line' id='line_1_36' title="bbox 102 3430 2461 3525; baseline 0.001 -27"><span class='ocrx_word' id='word_1_334' title='bbox 102 3430 448 3502; x_wconf 72' lang='lat' dir='ltr'>Monam..</span> <span class='ocrx_word' id='word_1_335' title='bbox 566 3438 881 3518; x_wconf 86' lang='lat' dir='ltr'>Pauwius,</span> <span class='ocrx_word' id='word_1_336' title='bbox 934 3440 1069 3505; x_wconf 90' lang='lat' dir='ltr'>sine</span> <span class='ocrx_word' id='word_1_337' title='bbox 1116 3461 1309 3504; x_wconf 88' lang='lat' dir='ltr'>causa</span> <span class='ocrx_word' id='word_1_338' title='bbox 1356 3437 1610 3515; x_wconf 88' lang='lat' dir='ltr'>idonea,</span> <span class='ocrx_word' id='word_1_339' title='bbox 1659 3438 2098 3525; x_wconf 84' lang='lat' dir='ltr'>reponendum</span> <span class='ocrx_word' id='word_1_340' title='bbox 2154 3438 2461 3500; x_wconf 86' lang='lat' dir='ltr'>censebat</span> 
     </span>
     <span class='ocr_line' id='line_1_37' title="bbox 98 3520 2462 3611; baseline -0.004 -16"><span class='ocrx_word' id='word_1_341' title='bbox 98 3520 341 3603; x_wconf 54' lang='grc' dir='ltr'>ἥκοντος.</span> <span class='ocrx_word' id='word_1_342' title='bbox 435 3523 605 3589; x_wconf 89' lang='lat' dir='ltr'>Nam</span> <span class='ocrx_word' id='word_1_343' title='bbox 642 3524 740 3604; x_wconf 83' lang='lat' dir='ltr'>lo,</span> <span class='ocrx_word' id='word_1_344' title='bbox 783 3548 924 3611; x_wconf 85' lang='lat' dir='ltr'>quae</span> <span class='ocrx_word' id='word_1_345' title='bbox 956 3525 1245 3590; x_wconf 89' lang='lat' dir='ltr'>audierat</span> <span class='ocrx_word' id='word_1_346' title='bbox 1268 3523 1508 3590; x_wconf 84' lang='lat' dir='ltr'>Jovem</span> <span class='ocrx_word' id='word_1_347' title='bbox 1539 3545 1668 3588; x_wconf 90' lang='lat' dir='ltr'>non</span> <span class='ocrx_word' id='word_1_348' title='bbox 1706 3522 1892 3591; x_wconf 87' lang='lat' dir='ltr'>aliter</span> <span class='ocrx_word' id='word_1_349' title='bbox 1917 3520 2270 3611; x_wconf 87' lang='lat' dir='ltr'>perieulum</span> <span class='ocrx_word' id='word_1_350' title='bbox 2312 3543 2462 3585; x_wconf 86' lang='lat' dir='ltr'>eva-</span> 
     </span>
     <span class='ocr_line' id='line_1_38' title="bbox 96 3606 2459 3686; baseline 0.001 -18"><span class='ocrx_word' id='word_1_351' title='bbox 96 3626 298 3671; x_wconf 82' lang='lat' dir='ltr'>surum</span> <span class='ocrx_word' id='word_1_352' title='bbox 354 3631 516 3686; x_wconf 85' lang='lat' dir='ltr'>esse,</span> <span class='ocrx_word' id='word_1_353' title='bbox 578 3611 698 3675; x_wconf 89' lang='lat' dir='ltr'>nisi</span> <span class='ocrx_word' id='word_1_354' title='bbox 760 3613 809 3675; x_wconf 88' lang='lat' dir='ltr'>si</span> <span class='ocrx_word' id='word_1_355' title='bbox 869 3612 1289 3677; x_wconf 88' lang='lat' dir='ltr'>Prometheus</span> <span class='ocrx_word' id='word_1_356' title='bbox 1332 3609 1607 3674; x_wconf 87' lang='lat' dir='ltr'>vinculis</span> <span class='ocrx_word' id='word_1_357' title='bbox 1666 3609 1967 3674; x_wconf 85' lang='lat' dir='ltr'>liberatus</span> <span class='ocrx_word' id='word_1_358' title='bbox 2022 3623 2208 3686; x_wconf 81' lang='lat' dir='ltr'>esset,</span> <span class='ocrx_word' id='word_1_359' title='bbox 2269 3606 2459 3672; x_wconf 90' lang='lat' dir='ltr'>facile</span> 
     </span>
     <span class='ocr_line' id='line_1_39' title="bbox 104 3690 2458 3844; baseline 0.002 -91"><span class='ocrx_word' id='word_1_360' title='bbox 104 3690 444 3844; x_wconf 53' lang='lat' dir='ltr'>intellsifere</span> <span class='ocrx_word' id='word_1_361' title='bbox 492 3710 766 3783; x_wconf 88' lang='lat' dir='ltr'>poterat,</span> <span class='ocrx_word' id='word_1_362' title='bbox 813 3697 1255 3763; x_wconf 87' lang='lat' dir='ltr'>liberationem</span> <span class='ocrx_word' id='word_1_363' title='bbox 1294 3696 1690 3775; x_wconf 88' lang='lat' dir='ltr'>Promethei,</span> <span class='ocrx_word' id='word_1_364' title='bbox 1737 3696 1941 3761; x_wconf 90' lang='lat' dir='ltr'>invito</span> <span class='ocrx_word' id='word_1_365' title='bbox 1968 3694 2159 3774; x_wconf 86' lang='lat' dir='ltr'>Jove,</span> <span class='ocrx_word' id='word_1_366' title='bbox 2202 3711 2268 3758; x_wconf 90' lang='lat' dir='ltr'>et</span> <span class='ocrx_word' id='word_1_367' title='bbox 2299 3693 2458 3757; x_wconf 86' lang='lat' dir='ltr'>alius</span> 
     </span>
     <span class='ocr_line' id='line_1_40' title="bbox 100 3776 1752 3871; baseline 0.003 -31"><span class='ocrx_word' id='word_1_368' title='bbox 100 3776 237 3862; x_wconf 86' lang='lat' dir='ltr'>cuju</span> <span class='ocrx_word' id='word_1_369' title='bbox 317 3803 421 3844; x_wconf 85' lang='lat' dir='ltr'>am</span> <span class='ocrx_word' id='word_1_370' title='bbox 455 3782 814 3848; x_wconf 86' lang='lat' dir='ltr'>interventu</span> <span class='ocrx_word' id='word_1_371' title='bbox 848 3784 1200 3871; x_wconf 86' lang='lat' dir='ltr'>perfectam</span> <span class='ocrx_word' id='word_1_372' title='bbox 1243 3783 1340 3848; x_wconf 86' lang='lat' dir='ltr'>iri.</span> <span class='ocrx_word' id='word_1_373' title='bbox 1429 3784 1752 3847; x_wconf 64' lang='lat' dir='ltr'>Setun-z.</span> 
     </span>
    </p>

    <p class='ocr_par' dir='ltr' id='par_1_4' title="bbox 96 3864 2458 4105">
     <span class='ocr_line' id='line_1_41' title="bbox 178 3864 2458 3953; baseline -0 -24"><span class='ocrx_word' id='word_1_374' title='bbox 178 3876 236 3938; x_wconf 65' lang='grc' dir='ltr'>Υ.</span> <span class='ocrx_word' id='word_1_375' title='bbox 265 3875 414 3937; x_wconf 82' lang='grc'><strong>771.</strong></span> <span class='ocrx_word' id='word_1_376' title='bbox 456 3884 595 3931; x_wconf 65' lang='lat' dir='ltr'>‘mu</span> <span class='ocrx_word' id='word_1_377' title='bbox 639 3885 777 3933; x_wconf 76' lang='grc' dir='ltr'>ΣΩΝ</span> <span class='ocrx_word' id='word_1_378' title='bbox 832 3880 964 3934; x_wconf 79' lang='lat' dir='ltr'><strong>TlN·</strong></span> <span class='ocrx_word' id='word_1_379' title='bbox 995 3886 1248 3935; x_wconf 73' lang='grc' dir='ltr'><strong>ΑΥΤΟΝ.</strong></span> <span class='ocrx_word' id='word_1_380' title='bbox 1354 3867 1457 3932; x_wconf 87' lang='lat' dir='ltr'>An</span> <span class='ocrx_word' id='word_1_381' title='bbox 1500 3881 1591 3931; x_wconf 66' lang='grc' dir='ltr'>τῦ·</span> <span class='ocrx_word' id='word_1_382' title='bbox 1635 3880 1729 3932; x_wconf 64' lang='grc' dir='ltr'>σῦν</span> <span class='ocrx_word' id='word_1_383' title='bbox 1771 3869 1863 3929; x_wconf 63' lang='grc' dir='ltr'>τίν’</span> <span class='ocrx_word' id='word_1_384' title='bbox 1898 3875 2054 3936; x_wconf 77' lang='grc' dir='ltr'><strong><em>αὖτῗῑς</em></strong></span> <span class='ocrx_word' id='word_1_385' title='bbox 2103 3864 2458 3953; x_wconf 83' lang='lat' dir='ltr'>elegantius</span> 
     </span>
     <span class='ocr_line' id='line_1_42' title="bbox 96 3950 2458 4099; baseline 0 -84"><span class='ocrx_word' id='word_1_386' title='bbox 96 3965 251 4045; x_wconf 65' lang='lat' dir='ltr'>esset</span> <span class='ocrx_word' id='word_1_387' title='bbox 287 3953 546 4099; x_wconf 52' lang='lat' dir='ltr'>‹ilabimt</span> <span class='ocrx_word' id='word_1_388' title='bbox 593 3954 877 4021; x_wconf 85' lang='lat' dir='ltr'>Brunck.</span> <span class='ocrx_word' id='word_1_389' title='bbox 920 3971 989 4020; x_wconf 89' lang='lat' dir='ltr'>et</span> <span class='ocrx_word' id='word_1_390' title='bbox 1044 3971 1219 4022; x_wconf 84' lang='lat' dir='ltr'>reete</span> <span class='ocrx_word' id='word_1_391' title='bbox 1266 3955 1541 4020; x_wconf 86' lang='lat' dir='ltr'>dubitat.</span> <span class='ocrx_word' id='word_1_392' title='bbox 1633 3952 1804 4018; x_wconf 79' lang='lat' dir='ltr'>Mox</span> <span class='ocrx_word' id='word_1_393' title='bbox 1855 3963 2007 4035; x_wconf 71' lang='grc' dir='ltr'><em>χςιῦυ</em></span> <span class='ocrx_word' id='word_1_394' title='bbox 2058 3953 2219 4046; x_wconf 62' lang='grc' dir='ltr'>οἱμιῑ</span> <span class='ocrx_word' id='word_1_395' title='bbox 2256 3950 2458 4016; x_wconf 86' lang='lat' dir='ltr'>Turn.</span> 
     </span>
     <span class='ocr_line' id='line_1_43' title="bbox 98 4039 576 4105; baseline 0.021 -10"><span class='ocrx_word' id='word_1_396' title='bbox 98 4049 254 4100; x_wconf 83' lang='lat' dir='ltr'>tuter</span> <span class='ocrx_word' id='word_1_397' title='bbox 359 4061 415 4103; x_wconf 86' lang='lat' dir='ltr'>v.</span> <span class='ocrx_word' id='word_1_398' title='bbox 454 4039 576 4105; x_wconf 76' lang='lat' dir='ltr'>Lr..</span> 
     </span>
    </p>

    <p class='ocr_par' dir='ltr' id='par_1_5' title="bbox 102 4123 2456 4300">
     <span class='ocr_line' id='line_1_44' title="bbox 177 4123 2456 4198; baseline 0.003 -13"><span class='ocrx_word' id='word_1_399' title='bbox 177 4133 232 4195; x_wconf 69' lang='grc' dir='ltr'>γ.</span> <span class='ocrx_word' id='word_1_400' title='bbox 262 4132 409 4195; x_wconf 75' lang='lat'>772.</span> <span class='ocrx_word' id='word_1_401' title='bbox 476 4143 649 4191; x_wconf 67' lang='lat' dir='ltr'>uma</span> <span class='ocrx_word' id='word_1_402' title='bbox 709 4136 768 4193; x_wconf 72' lang='grc' dir='ltr'>ε’</span> <span class='ocrx_word' id='word_1_403' title='bbox 815 4143 1259 4192; x_wconf 73' lang='lat' dir='ltr'>AnAAAAsm.</span> <span class='ocrx_word' id='word_1_404' title='bbox 1364 4137 1506 4195; x_wconf 64' lang='grc' dir='ltr'>Παῖς</span> <span class='ocrx_word' id='word_1_405' title='bbox 1550 4128 1844 4198; x_wconf 51' lang='grc' dir='ltr'>ἀτιμάζει</span> <span class='ocrx_word' id='word_1_406' title='bbox 1892 4123 2256 4189; x_wconf 73' lang='lat' dir='ltr'>Colb.1.2.</span> <span class='ocrx_word' id='word_1_407' title='bbox 2306 4123 2456 4192; x_wconf 89' lang='lat' dir='ltr'>Ald.</span> 
     </span>
     <span class='ocr_line' id='line_1_45' title="bbox 102 4202 1639 4300; baseline 0.004 -32"><span class='ocrx_word' id='word_1_408' title='bbox 102 4202 345 4273; x_wconf 86' lang='lat' dir='ltr'>Hausto</span> <span class='ocrx_word' id='word_1_409' title='bbox 375 4212 511 4277; x_wconf 86' lang='lat' dir='ltr'>scil.</span> <span class='ocrx_word' id='word_1_410' title='bbox 541 4217 593 4278; x_wconf 70' lang='grc' dir='ltr'>α’</span> <span class='ocrx_word' id='word_1_411' title='bbox 616 4215 700 4277; x_wconf 87' lang='lat' dir='ltr'>ab</span> <span class='ocrx_word' id='word_1_412' title='bbox 744 4213 971 4279; x_wconf 90' lang='lat' dir='ltr'>ultima</span> <span class='ocrx_word' id='word_1_413' title='bbox 1000 4214 1185 4279; x_wconf 89' lang='lat' dir='ltr'>litera</span> <span class='ocrx_word' id='word_1_414' title='bbox 1215 4213 1639 4300; x_wconf 83' lang='lat' dir='ltr'>praecedente.</span> 
     </span>
    </p>

    <p class='ocr_par' dir='ltr' id='par_1_6' title="bbox 102 4293 2462 4647">
     <span class='ocr_line' id='line_1_46' title="bbox 180 4293 2459 4387; baseline -0.004 -19"><span class='ocrx_word' id='word_1_415' title='bbox 180 4305 236 4367; x_wconf 63' lang='grc' dir='ltr'>Ϋ·</span> <span class='ocrx_word' id='word_1_416' title='bbox 270 4304 416 4366; x_wconf 79' lang='grc'><strong>778.</strong></span> <span class='ocrx_word' id='word_1_417' title='bbox 476 4313 841 4365; x_wconf 73' lang='grc' dir='ltr'><strong>ΑΛΛΑΙΣῘΝ.</strong></span> <span class='ocrx_word' id='word_1_418' title='bbox 931 4302 1176 4387; x_wconf 50' lang='lat' dir='ltr'>&#39;&#39;Ampe-u</span> <span class='ocrx_word' id='word_1_419' title='bbox 1225 4297 1500 4362; x_wconf 76' lang='lat' dir='ltr'>colb-l.</span> <span class='ocrx_word' id='word_1_420' title='bbox 1555 4295 1817 4362; x_wconf 84' lang='lat' dir='ltr'>Ask.A.</span> <span class='ocrx_word' id='word_1_421' title='bbox 1874 4293 2158 4382; x_wconf 73' lang='lat' dir='ltr'>Guelph.</span> <span class='ocrx_word' id='word_1_422' title='bbox 2230 4297 2459 4383; x_wconf 66' lang='grc' dir='ltr'><strong>Ἀλλῃσο</strong></span> 
     </span>
     <span class='ocr_line' id='line_1_47' title="bbox 106 4373 2462 4465; baseline 0.004 -27"><span class='ocrx_word' id='word_1_423' title='bbox 106 4373 314 4445; x_wconf 84' lang='lat' dir='ltr'>Viteb.</span> <span class='ocrx_word' id='word_1_424' title='bbox 403 4384 603 4450; x_wconf 86' lang='lat' dir='ltr'>Hune</span> <span class='ocrx_word' id='word_1_425' title='bbox 657 4406 908 4450; x_wconf 84' lang='lat' dir='ltr'>versum</span> <span class='ocrx_word' id='word_1_426' title='bbox 952 4386 1108 4451; x_wconf 89' lang='lat' dir='ltr'>edit.</span> <span class='ocrx_word' id='word_1_427' title='bbox 1141 4384 1290 4450; x_wconf 90' lang='lat' dir='ltr'>Ald.</span> <span class='ocrx_word' id='word_1_428' title='bbox 1323 4384 1593 4448; x_wconf 81' lang='lat' dir='ltr'>exhibet</span> <span class='ocrx_word' id='word_1_429' title='bbox 1624 4383 1750 4447; x_wconf 90' lang='lat' dir='ltr'>hoc</span> <span class='ocrx_word' id='word_1_430' title='bbox 1790 4381 2013 4460; x_wconf 81' lang='lat' dir='ltr'>modu,</span> <span class='ocrx_word' id='word_1_431' title='bbox 2037 4392 2214 4465; x_wconf 58' lang='lat' dir='ltr'>:reim</span> <span class='ocrx_word' id='word_1_432' title='bbox 2241 4386 2289 4447; x_wconf 75' lang='lat' dir='ltr'>tt</span> <span class='ocrx_word' id='word_1_433' title='bbox 2319 4394 2462 4458; x_wconf 67' lang='lat' dir='ltr'>yn‘m</span> 
     </span>
     <span class='ocr_line' id='line_1_48' title="bbox 102 4466 2460 4558; baseline 0.002 -28"><span class='ocrx_word' id='word_1_434' title='bbox 102 4468 218 4558; x_wconf 63' lang='lat'>‘5²‘</span> <span class='ocrx_word' id='word_1_435' title='bbox 244 4468 293 4527; x_wconf 59' lang='grc' dir='ltr'>δὲ</span> <span class='ocrx_word' id='word_1_436' title='bbox 321 4471 593 4536; x_wconf 54' lang='lat' dir='ltr'>tinum</span> <span class='ocrx_word' id='word_1_437' title='bbox 618 4482 805 4548; x_wconf 66' lang='grc' dir='ltr'><strong>γωῒς.</strong></span> <span class='ocrx_word' id='word_1_438' title='bbox 894 4472 1085 4538; x_wconf 90' lang='lat' dir='ltr'>Unde</span> <span class='ocrx_word' id='word_1_439' title='bbox 1131 4491 1307 4537; x_wconf 86' lang='lat' dir='ltr'>error</span> <span class='ocrx_word' id='word_1_440' title='bbox 1346 4485 1533 4534; x_wconf 90' lang='lat' dir='ltr'>natus</span> <span class='ocrx_word' id='word_1_441' title='bbox 1580 4468 1880 4533; x_wconf 89' lang='lat' dir='ltr'>Garbitio</span> <span class='ocrx_word' id='word_1_442' title='bbox 1919 4488 1960 4531; x_wconf 89' lang='lat' dir='ltr'>a</span> <span class='ocrx_word' id='word_1_443' title='bbox 2001 4466 2288 4533; x_wconf 84' lang='lat' dir='ltr'>Stanleio</span> <span class='ocrx_word' id='word_1_444' title='bbox 2327 4490 2460 4535; x_wconf 85' lang='lat' dir='ltr'>non</span> 
     </span>
     <span class='ocr_line' id='line_1_49' title="bbox 102 4554 1888 4647; baseline 0.001 -27"><span class='ocrx_word' id='word_1_445' title='bbox 102 4568 233 4614; x_wconf 66' lang='lat' dir='ltr'>mne</span> <span class='ocrx_word' id='word_1_446' title='bbox 258 4574 453 4621; x_wconf 66' lang='lat' dir='ltr'>musa</span> <span class='ocrx_word' id='word_1_447' title='bbox 476 4558 885 4647; x_wconf 68' lang='lat' dir='ltr'>reprehenso.</span> <span class='ocrx_word' id='word_1_448' title='bbox 959 4560 1214 4626; x_wconf 66' lang='lat' dir='ltr'>‘Amnon</span> <span class='ocrx_word' id='word_1_449' title='bbox 1240 4556 1441 4624; x_wconf 84' lang='lat' dir='ltr'>etiam</span> <span class='ocrx_word' id='word_1_450' title='bbox 1473 4555 1648 4623; x_wconf 85' lang='lat' dir='ltr'>Rob.</span> <span class='ocrx_word' id='word_1_451' title='bbox 1689 4554 1888 4623; x_wconf 78' lang='lat' dir='ltr'>Tum.</span> 
     </span>
    </p>
   </div>
  </div>
 </body>
</html>
