2909 4884
160 525 338 572 PRGM.

160 1215 334 1258 HERC.

163 2115 348 2162 PRCM.

176 3211 357 3259 HERC.

178 3410 357 3462 PROH-

188 3907 364 3955 HERC·

188 4003 373 4054 PROM.

194 4204 366 4254 nnnc.

195 4303 372 4364 raon.

608 342 1285 411 PROMETH.
1380 340 1992 409 VINCTUS.
2371 368 2486 433 149

444 500 620 576 Cole‚
664 501 908 577 invoca,
957 500 1138 587 palpa
1172 500 1359 564 istum
1390 511 1694 563 :eternum
1727 498 2229 585 gubernatorem.

449 599 619 665 Mihi
649 611 861 664 autern
890 598 1141 685 Jupiter
1168 600 1374 663 minus
1403 597 1599 662 nihilo
1629 610 1721 663 est
1749 621 1934 666 curae.

448 699 636 788 Agat,
686 699 951 785 imperet
982 698 1099 762 hoc
1132 697 1308 762 brevi
1342 709 1621 784 tempore

446 798 535 864 Ut
561 798 739 872 vult;
791 821 915 861 non
949 799 1120 861 enim
1151 799 1261 862 diu
1292 796 1627 884 imperabit
1656 797 1791 862 diis.

450 898 563 961 Sed
599 898 773 961 enim
805 897 1124 983 conspicio
1154 896 1338 961 illurn
1367 897 1541 962 Jovis
1571 922 1907 977 cursorem,
2368 925 2496 991 940

448 993 636 1059 Illum
670 995 880 1059 novitii
913 996 1066 1083 regis
1099 997 1450 1061 ministrum
1480 1022 1494 1060 ε

448 1094 733 1162 Omnino
762 1096 1121 1161 nuntiatum
1152 1096 1303 1183 quid
1340 1097 1483 1160 novi
1505 1098 1694 1162 venit.

451 1192 552 1258 Te
581 1195 762 1258 illum
792 1209 1201 1259 veteratorem
1230 1196 1410 1260 illum
1443 1199 1779 1282 peracerbe
1809 1200 2129 1278 acerbum,

454 1294 577 1378 Qui
601 1294 913 1378 deliquisti
936 1293 1225 1360 adversus
1248 1295 1416 1370 deos,
1442 1298 1552 1382 qui
1576 1296 1939 1362 hominibus

453 1394 777 1459 Praebuisti
797 1394 987 1470 dona,
1019 1393 1243 1461 illum
1227 1395 1391 1482 ignis
1417 1398 1621 1461 furem
1646 1396 1815 1470 dico;
2369 1424 2500 1491 945

460 1493 644 1570 Pater
673 1504 733 1557 te
757 1494 937 1581 jussit
965 1516 1120 1580 quas
1143 1496 1385 1580 jafititas
1409 1495 1656 1582 nuptias
2373 1489 2378 1494 ⁴

456 1593 829 1673 Edisserere,
863 1606 925 1658 et
955 1617 987 1658 a
1018 1593 1245 1678 quibus
1273 1594 1380 1658 ille
1411 1595 1659 1658 excidat
1688 1594 1989 1682 imperim

457 1695 539 1760 Et
572 1695 705 1759 haec
737 1694 990 1779 quidem
1026 1694 1379 1758 nullatenus
1409 1693 1676 1758 obscure

459 1794 583 1858 Sed
617 1793 862 1881 singula
894 1792 1190 1877 eloquere
1221 1793 1437 1878 plane;
1475 1817 1683 1880 neque
1716 1792 1864 1856 mihi
1897 1792 2177 1879 duplices

462 1893 871 1966 Promethea,
909 1915 1215 1980 proponas
1240 1893 1399 1967 vias;
1435 1895 1635 1957 cernis
1663 1893 1836 1957 enim
1865 1895 2038 1981 quod
2377 1917 2510 1981 950

460 1994 703 2083 Jupiter
722 1994 949 2060 talibus
974 2018 1100 2060 non
1125 1993 1468 2059 emollitur.
2443 1989 2447 1995 ’

460 2096 844 2180 Graviloqua
876 2107 937 2159 et
963 2094 1355 2159 confidentiae
1386 2093 1574 2178 plena

470 2196 578 2261 Est
601 2197 734 2261 haec
757 2195 970 2270 onitin,
1006 2196 1162 2262 sicut
1186 2194 1449 2257 deorum
1478 2191 1721 2256 famuli.

465 2295 804 2383 Nuperum
830 2295 1170 2380 imperium
1198 2294 1407 2360 novitii
1428 2291 1744 2366 obtinetis,
1766 2291 2114 2376 quinetiam
2139 2294 2366 2377 putatis

468 2395 593 2460 Vos
615 2395 886 2460 incolere
909 2416 1075 2458 arces
1101 2391 1255 2457 nulli
1274 2392 1471 2456 dolori
1496 2391 1761 2478 pervias:
1801 2413 1927 2456 non
1952 2413 2029 2454 ex
2053 2390 2143 2454 his
2167 2414 2285 2479 ego
2385 2413 2428 2473 9
2436 2414 2519 2477 55

470 2493 677 2584 Reges
707 2494 866 2558 duos
888 2492 1183 2558 excidisse
1206 2492 1379 2558 vidi?

470 2593 552 2658 Et
579 2595 747 2657 hunc
763 2594 893 2680 jam
918 2605 1279 2678 regnantem
1306 2591 1551 2655 tertium
1575 2591 1868 2678 aspiciam

475 2694 865 2780 Turpissime
886 2709 959 2758 et
991 2694 1278 2757 citissime
1308 2717 1323 2755 :
1380 2691 1670 2776 nunquid
1707 2693 1816 2756 tibi
1850 2691 2068 2755 videor

475 2793 770 2858 Metuere
800 2806 861 2855 et
894 2793 1229 2858 formidare
1262 2814 1455 2856 novos
1488 2791 1566 2856 de
1612 2793 1687 2857 s?

476 2893 684 2960 Immo
706 2893 985 2958 multum
1016 2903 1079 2956 et
1106 2892 1369 2956 omnino
1397 2893 1622 2956 absum
1646 2916 1684 2955 α
1715 2901 1900 2955 metu:
1947 2892 2208 2978 proinde
2232 2904 2301 2956 tu
2395 2895 2525 2973 960

476 2994 618 3078 Qua
641 2993 867 3058 venisti
891 2994 1011 3067 via,
1039 3013 1179 3055 eam
1204 3005 1443 3079 repetas
1469 2990 1844 3054 festinanter.

478 3095 655 3158 Nam
688 3093 853 3157 nihil
878 3116 1095 3156 eorum
1126 3115 1265 3176 quae
1290 3113 1369 3156 ex
1400 3113 1506 3155 me
1538 3090 1885 3156 scisciteris³
1914 3093 2268 3177 cognosces.

482 3194 576 3257 At
600 3193 703 3257 tali
729 3193 917 3256 etiam
942 3193 1115 3278 prius
1148 3192 1484 3279 pervicacia

479 3295 713 3359 Temet
743 3294 1063 3380 conjecisti
1094 3292 1157 3356 in
1193 3291 1299 3355 has
1333 3289 1746 3354 infelicitates.

479 3392 633 3457 Tuo
655 3393 964 3478 obsequio
985 3413 1192 3455 meam
1218 3390 1377 3454 hanc
1402 3390 1739 3463 miseriam,
2403 3392 2534 3472 965

478 3493 602 3558 Pro
632 3507 800 3556 certo
833 3491 1019 3566 habe,
1067 3513 1193 3554 non
1228 3513 1345 3579 ego
1378 3489 1805 3577 permutatim.

484 3594 682 3658 Satius
722 3594 894 3656 enim
927 3591 1093 3655 duco
1125 3590 1270 3654 huic
1303 3589 1646 3675 mancipari
1681 3601 1896 3675 petire,

483 3693 699 3776 Quam
725 3690 869 3755 Jovi
907 3691 1055 3778 patri
1086 3700 1187 3753 tuo
1230 3712 1361 3753 esse
1395 3689 1594 3754 fidum
1627 3689 1944 3755 nuntium.

485 3792 578 3856 Ita
608 3815 759 3856 cum
792 3791 1157 3878 procacibus
1190 3788 1531 3877 procaciter
1563 3787 1898 3874 agendum.

482 3892 733 3957 Videris
764 3891 1035 3956 deliciari
1073 3890 1480 3976 praesentibus
1511 3889 1710 3955 malis.
2413 3907 2544 3973 970

496 3990 827 4056 Delicior?
874 3991 955 4054 sic
988 3990 1349 4054 deliciantes
1381 4011 1552 4054 meos

487 4090 752 4154 Videam
788 4090 1022 4154 hostes:
1072 4100 1133 4152 et
1164 4101 1223 4153 te
1254 4089 1418 4153 inter
1447 4110 1552 4152 eos
1575 4088 1739 4152 dico·

494 4190 816 4276 Nunquid
844 4203 906 4253 et
930 4213 1031 4253 me
1049 4189 1134 4254 ob
1158 4188 1269 4253 bas
1291 4187 1671 4254 calamitates
1694 4187 1941 4253 incusas
1958 4191 1991 4251 P

484 4292 637 4358 Uno
661 4291 855 4356 verbo
877 4313 1098 4354 omnes
1120 4290 1224 4353 odi
1250 4289 1420 4361 deos,

490 4395 879 4479 Quicunque
905 4389 1231 4454 beneficiis
1252 4387 1480 4460 affecti,
1514 4410 1616 4451 me
1641 4387 1871 4476 injurie
1896 4388 2204 4476 affligunt.
2420 4405 2502 4469 97
2508 4407 2550 4469 5

794 4570 817 4602 ὃ
856 4537 985 4621 Ms'.
1067 4560 1159 4619 De
1189 4556 1383 4630 quibus
1415 4539 1503 4614 me
1532 4555 1924 4635 interrogabis.
