2909 4884
430 316 567 384 128·

424 1592 642 1637 (ΗΘΚ.

427 2603 636 2650 ΡΒΟΜ.

428 3520 639 3566 CHOR.

430 3922 650 3970 PROM.

927 308 1605 377 PROMETH.
1697 307 2319 382 VINCTUS.

766 464 954 554 Opus
982 464 1243 530 habebit
1272 464 1537 529 deorum
1566 464 1887 553 Princep3‚

766 565 879 631 Ad
913 564 1331 631 indicandum
1361 562 1705 629 consilium
1737 565 1976 630 nov'um
2005 588 2136 652 quo
2701 585 2808 654 170

769 665 1033 755 Sceptro
1063 677 1125 729 et
1160 664 1399 729 honore
1430 663 1821 751 spoliabitur.

770 766 915 831 Nec
947 779 1082 829 tum
1114 787 1216 828 me
1246 763 1563 828 mellifluis
1591 763 1821 842 Suadae

766 862 1316 929 Incantationibus
1346 862 1776 928 demulcebit:
1825 887 1944 928 nec
1975 865 2202 953 rigidas

763 961 985 1027 Minas
1016 983 1299 1048 unquam
1327 983 1777 1049 expavescens,
1823 962 1940 1028 hoc
1971 985 2092 1054 ego

767 1060 1097 1139 IndicabO,
1146 1061 1520 1148 priusquam
1551 1084 1628 1125 ex
1661 1063 1836 1126 saevis
2703 1083 2806 1150 175

764 1160 1054 1225 Vinculis
1083 1184 1187 1226 me
1220 1160 1460 1236 laxarit,
1514 1172 1578 1224 et
1609 1161 1761 1225 mihi
1792 1183 2011 1249 poenas
2042 1165 2318 1252 pendere

770 1258 987 1349 Hujus
1016 1261 1379 1348 ignominiae
1408 1261 1691 1326 voluerit.

967 1440 2114 1514 ANTISTROPHE
2201 1471 2258 1514 2.

766 1567 876 1633 Tu
906 1570 1172 1655 quidem
1204 1569 1407 1635 audax
1439 1593 1528 1647 eS,
1578 1585 1643 1636 et
1674 1572 1760 1637 ob
1794 1574 2046 1641 acerbas

764 1670 1174 1735 Calamitates
1207 1669 1367 1735 nihil
1401 1670 1679 1748 remittis,

770 1771 898 1835 Sed
932 1771 1122 1834 nimis
1152 1769 1351 1835 libere
1383 1770 1680 1855 loqueris,
2703 1785 2802 1848 182

771 1869 867 1934 At
900 1891 1119 1934 meum
1149 1870 1438 1934 animum
1471 1871 1764 1937 sollicitat
1793 1886 2014 1940 acutus
2045 1878 2271 1944 timor:

773 1970 950 2035 Nam
983 1982 1199 2033 metuo
1229 1970 1373 2034 sorti
1400 1981 1548 2046 tuae,

769 2069 922 2155 Quo
945 2064 1208 2134 'tandem
1241 2068 1580 2156 appulsum
1608 2082 1856 2156 oportet
1885 2082 1945 2136 te
1978 2071 2209 2140 horum
2250 2077 2543 2148 laborum

769 2171 1045 2235 Cernere
1076 2182 1395 2234 eventurn.
1448 2167 1884 2233 IntrmStabiles
1916 2172 2090 2236 enirn

767 2272 1060 2338 Affectus
1092 2283 1291 2344 etcor
1318 2268 1707 2333 inexorabile
1743 2268 1932 2333 habet
1966 2271 2219 2338 Saturni
2251 2276 2432 2344 filius.
2699 2281 2799 2362 185

1200 2417 2044 2520 ANAPAEsTr.

770 2580 917 2646 Scio
948 2601 1077 2643 esse
1108 2599 1420 2665 asperum,
1472 2591 1533 2641 et
1569 2601 1759 2665 penes
1793 2604 1857 2644 se

766 2681 882 2745 Jus
913 2680 1142 2744 habere
1173 2677 1444 2754 Jove1n;
1495 2691 1768 2744 attamen
1802 2681 2066 2748 arbitror

771 2779 1040 2845 Mollior
1094 2816 1099 2820 ·

776 2880 1038 2955 Evadet,
1084 2891 1223 2942 turn
1255 2878 1515 2964 quando
1548 2877 1664 2944 hoc
1698 2882 1889 2946 modo
1921 2899 2218 2952 contusus
2253 2873 2470 2957 suerit:

777 2980 861 3045 Et
891 2980 1097 3044 sedata
1128 2977 1350 3041 acerba
1380 2977 1835 3067 indignatione,
2701 3012 2800 3073 190

773 3081 849 3144 In
881 3078 1279 3144 concordiam
1311 3090 1375 3141 et
1403 3079 1738 3144 amicitiam
1769 3105 2023 3148 mecum

770 3177 1073 3244 Tandem
1103 3175 1334 3263 cupido
1364 3178 1628 3265 cupidus
1662 3179 1908 3250 redibit.

1390 3359 1875 3432 ΙΑΜΒῙ.

770 3493 937 3558 Rem
969 3515 1225 3556 omnem
1260 3490 1428 3577 aperi
1461 3505 1524 3555 et
1546 3492 1710 3556 clare
1735 3493 1918 3558 nobis
1949 3498 2176 3580 profer,

773 3593 967 3678 Quali
996 3594 1058 3655 in
1094 3591 1326 3655 defleto
1358 3605 1416 3655 te
1449 3590 1920 3677 deprehensum
1950 3594 2199 3682 Jupiter

670 3779 675 3786 .
772 3694 965 3760 Adeo
993 3690 1410 3779 ignominiose
1440 3703 1505 3754 et
1537 3690 1758 3756 acerbe
1791 3692 2006 3782 affligit
2033 3719 2047 3758 :
2086 3759 2092 3764 ,
2699 3717 2798 3784 195

780 3795 960 3860 Doce
994 3815 1124 3866 nos,
1174 3791 1225 3854 si
1258 3789 1415 3854 nihil
1447 3790 1784 3872 offenderis
1816 3793 1929 3857 ista
1962 3797 2330 3864 narratione.

774 3893 1006 3959 Tristia
1038 3889 1301 3977 quidem
1336 3889 1494 3954 mihi
1526 3890 1656 3954 haec
1690 3890 1865 3956 dietu
1900 3907 2071 3974 sunt,

776 3994 904 4061 Sed
927 3993 1116 4058 etiam
1138 3990 1308 4055 triste
1331 4001 1421 4055 est
1442 4000 1668 4067 tacere,
1696 3991 1782 4057 ita
1806 3991 2042 4079 ubique
2071 4019 2163 4061 res
2186 4019 2348 4064 meae
2373 3999 2649 4068 infelices

940 4105 1110 4158 sunt.

770 4194 910 4261 Ubi
942 4194 1214 4280 primum
1246 4190 1335 4256 dii
1360 4202 1689 4278 coeperant
1716 4191 2051 4281 indignari,
2789 4245 2796 4252 .

772 4294 860 4361 Et
888 4293 1104 4357 seditio
1131 4291 1292 4355 inter
1320 4291 1486 4377 ipsos
1515 4290 1925 4365 excitabatur,
2215 4345 2222 4354 .
2690 4305 2793 4360 200

774 4394 917 4460 Alii
949 4392 1247 4482 volebant
1281 4390 1619 4454 Saturnum
1651 4389 1984 4455 deturbare
2018 4391 2198 4469 soli0,

772 4493 869 4560 Ut
896 4492 1133 4557 scilicet
1162 4488 1418 4576 Jupiter
1448 4501 1734 4576 regnaret
1765 4513 1779 4554 :
1827 4490 1934 4555 alii
1967 4504 2181 4556 contra
