2909 4884
232 473 1071 560 ARGUMENTUM
1141 472 1692 556 AESCHYLI
1762 471 2526 602 TRAGOEDIAE·

668 800 1434 871 PROMETHEI
1524 800 1992 868 VINCTI.

182 968 443 1088 DUM
490 1016 934 1094 Prometheus,
1004 1017 1177 1105 quod
1233 1016 1449 1105 ignem
1510 1014 1845 1080 suffuratus
1904 1024 2082 1092 esset,
2153 1016 2220 1080 in
2285 1015 2529 1104 Scythia

172 1117 490 1194 vinciretur,
515 1119 589 1184 Io
610 1117 990 1206 vagabunda
1012 1117 1094 1181 ab
1114 1139 1190 1180 eo
1209 1118 1436 1181 certior
1461 1115 1549 1191 fit,
1575 1116 1751 1202 quod
1773 1113 2126 1203 AEgyptum
2153 1115 2530 1204 perveniens

171 1241 231 1282 ex
255 1224 531 1286 contactu
559 1219 737 1284 Jovis
776 1218 971 1305 pariet
1005 1216 1366 1304 Epaphum.
1461 1214 1821 1279 Mercurius
1851 1227 2064 1282 autem
2091 1215 2523 1296 introducitur,

170 1317 405 1384 minatus
431 1343 579 1385 eum
612 1318 880 1383 fulmine
912 1318 1112 1382 ictum
1137 1317 1229 1389 iri,
1258 1316 1373 1380 nisi
1391 1337 1540 1400 quae
1562 1312 1710 1379 Jovi
1731 1326 2032 1380 eventura
2053 1314 2176 1380 sint
2197 1318 2525 1393 enuntiet;

171 1416 497 1499 praedixerat
526 1419 699 1482 enim
734 1416 1152 1481 Prometheus
1182 1415 1413 1480 Jovem
1441 1414 1705 1501 imperio
1737 1437 1772 1478 a
1803 1414 1931 1478 filio
1961 1413 2218 1504 proprio
2249 1430 2525 1481 exutum

172 1515 244 1579 iri.
325 1515 621 1582 Tandem
654 1513 1071 1582 Prometheus
1101 1517 1334 1580 tonitru
1368 1517 1536 1580 facto
1565 1515 1857 1602 disparet.

240 1614 339 1680 Est
399 1629 609 1682 autem
686 1616 903 1680 sabula
965 1617 1028 1679 in
1091 1617 1354 1680 transitu
1417 1615 1588 1703 apud
1657 1615 2043 1703 Sophoclem
2107 1615 2177 1682 in
2242 1616 2526 1695 Colchis,

170 1714 311 1800 apud
356 1714 729 1802 Euripidem
760 1738 909 1780 vero
938 1715 1206 1781 omnino
1239 1739 1365 1780 non
1410 1728 1608 1781 extat.
1652 1717 1848 1781 Scena
1888 1717 2121 1783 fabulae
2159 1719 2235 1784 in
2277 1719 2528 1807 Scythia

170 1812 389 1895 ponitur
416 1814 493 1878 ad
526 1827 810 1879 montem
842 1815 1224 1880 Caucasum.
1303 1815 1556 1881 Chorus
1588 1829 1795 1880 autem
1827 1827 2067 1883 constat
2094 1841 2174 1882 ex
2207 1815 2532 1907 Nymphis

166 1910 647 1980 oceanitidibus:
700 1916 954 1980 Summa
984 1918 1119 2002 ejus
1151 1929 1262 1991 est,
1311 1915 1676 1980 Promethei
1710 1915 2009 2003 religatio.

236 2013 562 2079 Sciendum
616 2027 825 2080 tamen
880 2015 1056 2100 quod
1106 2039 1235 2080 non
1282 2015 1632 2080 secundum
1680 2014 2007 2101 vulgarem
2051 2017 2412 2105 opinionem
2459 2017 2525 2080 in

164 2111 420 2179 Caucaso
447 2116 660 2180 vinciri
693 2115 837 2180 dicit
875 2115 1350 2191 Prometheum,
1398 2115 1508 2179 sed
1540 2114 1618 2178 ad
1655 2112 1996 2199 Europaeas
2025 2131 2228 2203 partes
2259 2115 2522 2190 Oceani,

166 2224 227 2278 ut
253 2235 322 2278 ex
354 2214 420 2279 iis
448 2238 592 2304 quae
622 2215 703 2280 ad
736 2213 810 2280 Io
841 2213 1139 2282 dicuntur
1170 2215 1312 2279 licet
1343 2215 1667 2303 conjicere.

1030 2588 1624 2656 ALITER.

170 2745 432 2862 CUM
479 2796 896 2867 Prometheus
935 2804 1151 2892 ignem
1198 2802 1345 2889 Jovi
1384 2816 1741 2889 surreptum
1786 2801 2147 2868 hominibus
2192 2801 2528 2878 tribuisset,

161 2894 313 2980 cujus
359 2921 479 2987 ope
529 2923 723 2965 omne
775 2926 977 2992 genus
1025 2905 1247 2969 artium
1299 2904 1699 2979 invenerunt,
1743 2900 1996 2989 Jupiter
2045 2902 2133 2968 ira
2175 2916 2530 2968 commotus

162 2995 382 3061 tradidit
398 3020 550 3062 eum
575 2999 867 3066 ministris
890 3003 1012 3066 suis
1034 3025 1193 3090 quos
1218 3002 1367 3066 Vim
1392 3015 1455 3066 et
1482 3000 1709 3067 Robur
1732 3002 2088 3077 nominant,
2125 3012 2188 3065 et
2211 3000 2525 3081 VulcanO,

164 3105 221 3155 ut
278 3097 351 3161 ad
419 3112 706 3165 montem
778 3101 1136 3166 Caucasum
1198 3101 1584 3166 abducentes
1645 3101 1858 3166 ferreis
1918 3122 2066 3165 eum
2124 3099 2384 3165 vinculis
2439 3100 2528 3166 ibi

162 3197 650 3286 constringerent.
740 3200 892 3283 Quo
934 3200 1121 3276 facto,
1167 3200 1396 3265 adsunt
1438 3223 1661 3266 omnes
1693 3201 1944 3265 marinae
1980 3198 2328 3286 Nymphae,
2375 3212 2445 3265 ut
2473 3200 2532 3265 ei

164 3292 423 3360 solatium
492 3298 836 3384 prebeant,
913 3313 978 3364 et
1050 3323 1200 3365 mox
1260 3301 1390 3386 ipse
1451 3303 1646 3364 etiam
1705 3301 2001 3365 Oceanus
2058 3298 2333 3378 advenit,
2411 3302 2528 3389 qui

166 3386 515 3464 Prometheo
558 3398 831 3463 ostendit
876 3399 1041 3464 velle
1084 3424 1147 3464 se
1191 3398 1419 3464 Jovem
1451 3422 1600 3464 cum
1635 3400 1925 3487 precibus
1967 3398 2160 3475 adire,
2207 3398 2287 3462 ab
2321 3420 2528 3486 eoque

168 3489 469 3579 impetrare
501 3521 634 3585 quo
666 3521 701 3563 a
730 3499 998 3564 vinculis
1026 3499 1431 3564 liberaretur:
1484 3520 1613 3562 non
1645 3500 1790 3564 sinit
1826 3495 2263 3574 Prometheus,
2311 3509 2527 3583 utpote

163 3594 252 3676 qui
295 3597 584 3662 animum
641 3598 817 3681 Jovis
881 3600 1086 3664 serum
1146 3621 1262 3663 nec
1323 3597 1494 3662 sseai
1551 3597 1798 3662 facilem
1852 3594 2049 3684 probe
2101 3607 2524 3683 cognosceret.

164 3689 474 3763 Secedente
522 3710 731 3764 autem
779 3698 1062 3774 Ocean0,
1117 3696 1372 3763 advenit
1426 3694 1498 3760 Io
1551 3695 1770 3761 Inachi
1825 3696 1950 3760 filia
2004 3691 2381 3781 palabunda,
2444 3693 2528 3757 ab

162 3810 331 3880 eoque
360 3797 657 3887 intelligit
683 3812 746 3863 et
776 3821 920 3883 quae
951 3798 1114 3863 mala
1143 3797 1371 3873 tulerit,
1416 3809 1480 3861 et
1508 3819 1649 3883 quae
1681 3796 1877 3860 latura
1907 3796 2006 3872 sit,
2054 3805 2118 3860 et
2139 3793 2308 3881 quod
2356 3816 2528 3860 unus

163 3911 225 3955 ex
266 3895 427 3962 illius
479 3899 745 3986 posteris
795 3900 1008 3986 ipsum
1062 3898 1436 3964 liberaturus
1487 3897 1584 3972 sit,
1650 3891 1756 3984 qui
1806 3907 1936 3958 erat
1986 3892 2304 3958 Hercules
2352 3891 2531 3975 Jovis

168 3989 338 4072 filius3
383 3999 682 4087 quodque
714 4023 791 4064 ex
821 4000 1312 4065 contrectatione
1351 3995 1530 4061 Jovis
1568 3996 1700 4083 ipsa
1740 3993 1817 4058 sit
1859 3990 2200 4080 Epaphum
2240 3989 2527 4076 paritura.

165 4089 456 4162 Caeterum
488 4097 868 4165 Prometheo
912 4100 1096 4164 nimis
1130 4098 1322 4163 libere
1354 4095 1650 4161 adversus
1678 4092 1906 4159 Jovem
1935 4092 2130 4158 verba
2163 4091 2526 4176 proferenti,

167 4197 317 4276 quasi
348 4221 382 4263 a
414 4199 545 4265 filio
574 4222 768 4287 quem
798 4201 927 4288 ipse
959 4198 1327 4289 procreabit,
1374 4195 1645 4282 imperio
1677 4195 1860 4259 fuerit
1890 4191 2245 4267 exuendus,
2279 4189 2528 4274 aliaque

167 4300 523 4366 contumeliis
552 4300 744 4388 plena
772 4299 1057 4387 loquenti
1085 4297 1357 4362 occurrit
1384 4293 1751 4359 Mercurius
1782 4314 1818 4357 a
1846 4289 2006 4356 Jove
2038 4290 2282 4365 missuS,
2329 4288 2439 4373 qui
2471 4287 2530 4352 ei

169 4387 377 4461 fulmen
408 4400 758 4475 minitatur,
804 4401 872 4466 ni
902 4400 1055 4465 velit
1085 4421 1231 4486 quae
1250 4406 1553 4462 eventura
1576 4394 1700 4459 sint
1721 4390 1868 4459 Jovi
1902 4412 2208 4465 enarrare,
2253 4409 2529 4471 eumque

170 4507 506 4566 renuentem
534 4496 771 4566 tonitru
801 4499 1057 4588 diruptis
1086 4496 1374 4566 nubibus
1404 4493 1794 4563 exterminat.

1430 4601 1510 4682 R
